,Ticker,Date,Price,Shares Outstanding,Market Cap,EV,EBITDA,EV/EBITDA,D/E,BV/Share,Total Cash,Total Liabilities,Total Revenue,Operating Cash Flow,BS Recent Date,CF Recent Date,IS Recent Date
0,AAB.TO,"04/22/2020, 02:59:49",0.035,96050000.0,3360000.0,-12090000.0,0,0,0.0,0.0,128.0,820.0,-24292.0,-179.0,2019-01-31,2019-01-31,2019-01-31
1,AAV.TO,"04/22/2020, 03:00:05",1.94,186910000.0,362610000.0,638300000.0,88820000.0,0.0,0.0,0.0,13099.0,502357.0,252136.0,156063.0,2019-12-31,2019-12-31,2019-12-31
2,ABT.TO,"04/22/2020, 03:00:23",9.74,42230000.0,411280000.0,382200000.0,17820000.0,0.0,0,0.0,35799.0,153927.0,98909.0,10260.0,2019-06-30,2019-06-30,2019-06-30
3,ABX.TO,"04/22/2020, 03:00:38",35.16,1780000000.0,62520000000.0,71780000000.0,4550000000.0,0.0,0.0,0.0,3314000.0,14565000.0,9717000.0,2833000.0,2019-12-31,2019-12-31,2019-12-31
4,AC.TO,"04/22/2020, 03:00:53",17.75,270730000.0,4680000000.0,8039999999.999999,2760000000.0,0.0,0.0,0.0,5889000.0,23359000.0,19131000.0,5712000.0,2019-12-31,2019-12-31,2019-12-31
5,ACB.TO,"04/22/2020, 03:01:13",1.02,1170000000.0,1340000000.0,1590000000.0,-220050000.0,0.0,0.0,0.0,315975.0,1112783.0,247939.0,-192245.0,2019-06-30,2019-06-30,2019-06-30
6,ACB-WT.TO,"04/22/2020, 03:01:28",0,0,0,0,0,0,0,0,0.0,0.0,0.0,0.0,Null,Null,Null
7,ACD.TO,"04/22/2020, 03:01:44",4.54,8590000.0,38990000.0,333450000.0,0,0,0.0,0.0,0.0,309846.0,39086.0,-47560.0,2019-12-31,2019-12-31,2019-12-31
8,ACD-DB.TO,"04/22/2020, 03:01:59",0,0,0,0,0,0,0,0,0.0,0.0,0.0,0.0,Null,Null,Null
9,ACI.TO,"04/22/2020, 03:02:14",33.49,0,1000000000.0,0.0,0,0,0,0,200.0,961700.0,326300.0,76600.0,2019-12-31,2019-12-31,2019-12-31
10,ACO-X.TO,"04/22/2020, 03:02:29",37.36,101470000.0,4280000000.0000005,16760000000.000002,1890000000.0,0.0,0.0,0.0,1061000.0,13845000.0,4706000.0,1542000.0,2019-12-31,2019-12-31,2019-12-31
11,ACO-Y.TO,"04/22/2020, 03:02:45",38.97,13210000.0,4510000000.0,16719999999.999998,1890000000.0,0.0,0.0,0.0,1061000.0,13845000.0,4706000.0,1542000.0,2019-12-31,2019-12-31,2019-12-31
12,ACQ.TO,"04/22/2020, 03:03:00",5.99,27430000.0,164310000.0,1560000000.0,102540000.0,0.0,0.0,0.0,55555.0,1621818.0,3476111.0,107089.0,2019-12-31,2019-12-31,2019-12-31
13,ACZ.TO,"04/22/2020, 03:03:16",12.24,0,0,0,0,0,0,0,0.0,0.0,0.0,0.0,Null,Null,Null
14,AD.TO,"04/22/2020, 03:03:34",9.13,36720000.0,335270000.0,695020000.0,101360000.0,0.0,0.0,0.0,17104.0,450125.0,115968.0,74778.0,2019-12-31,2019-12-31,2019-12-31
15,AD-DB.TO,"04/22/2020, 03:03:57",74.0,0,0,0.0,0,0,0,0,0.0,0.0,0.0,0.0,Null,ttm,ttm
16,ADN.TO,"04/22/2020, 03:04:12",12.43,16690000.000000002,207420000.0,300690000.0,22520000.0,0.0,0.0,0.0,7601.0,212008.0,100048.0,-4140.0,2019-12-31,2019-12-31,2019-12-31
17,ADVZ.TO,"04/22/2020, 03:04:28",6.2,48910000.0,303260000.0,1380000000.0,229640000.0,0.0,0.0,0.0,261138.0,1577896.0,508321.0,188177.0,2019-12-31,2019-12-31,2019-12-31
18,ADW-A.TO,"04/22/2020, 03:04:43",8.49,35990000.0,379390000.0,554730000.0,56980000.0,0.0,0.0,0.0,0.0,232268.0,381796.0,49044.0,2019-03-31,2019-03-31,2019-03-31
19,ADW-B.TO,"04/22/2020, 03:04:59",9.0,8199999.999999999,379390000.0,577240000.0,56980000.0,0.0,0.0,0.0,0.0,232268.0,381796.0,49044.0,2019-03-31,2019-03-31,2019-03-31
20,AEF.TO,"04/22/2020, 03:05:14",0.28,73830000.0,20670000.0,103230000.0,7650000.0,0.0,0.0,0.0,0.0,103456.0,167148.0,4885.0,2019-12-31,2019-12-31,2019-12-31
21,AEF-WT.TO,"04/22/2020, 03:05:33",0,0,0,0,0,0,0,0,0.0,0.0,0.0,0.0,Null,Null,Null
22,AEM.TO,"04/22/2020, 03:05:48",76.46,240850000.0,18420000000.0,19720000000.0,1040000000.0,0.0,0.0,0.0,423273.0,3678371.0,2494892.0,881692.0,2019-12-31,2019-12-31,2019-12-31
23,AEZS.TO,"04/22/2020, 03:06:04",1.11,23470000.0,26050000.0,20530000.0,-9680000.0,0.0,0,0.0,7838.0,22444.0,532.0,-10725.0,2019-12-31,2019-12-31,2019-12-31
24,AFN.TO,"04/22/2020, 03:06:18",22.17,18660000.0,413660000.0,1200000000.0,114350000.0,0.0,0.0,0.0,48421.0,1089585.0,995787.0,40419.0,2019-12-31,2019-12-31,2019-12-31
25,AFN-DB-D.TO,"04/22/2020, 03:06:33",0,0,0,0,0,0,0,0,0.0,0.0,0.0,0.0,Null,Null,Null
26,AFN-DB-E.TO,"04/22/2020, 03:06:48",0,0,0,0,0,0,0,0,0.0,0.0,0.0,0.0,Null,Null,Null
27,AFN-DB-F.TO,"04/22/2020, 03:07:06",0,0,0,0,0,0,0,0,0.0,0.0,0.0,0.0,Null,Null,Null
28,AFN-DB-G.TO,"04/22/2020, 03:07:22",0,0,0,0,0,0,0,0,0.0,0.0,0.0,0.0,Null,Null,Null
29,AFN-DB-H.TO,"04/22/2020, 03:07:38",0,0,0,0,0,0,0,0,0.0,0.0,0.0,0.0,Null,Null,Null
30,AGF-B.TO,"04/22/2020, 03:07:53",3.75,78540000.0,310470000.0,479230000.0,82270000.0,0.0,0.0,0.0,72905.0,455523.0,386109.0,67475.0,2019-11-30,2019-11-30,2019-11-30
31,AGI.TO,"04/22/2020, 03:08:08",9.34,391250000.0,3650000000.0,3480000000.0,289900000.0,0.0,0.0,0.0,205600.0,701200.0,683100.0,260400.0,2019-12-31,2019-12-31,2019-12-31
32,AI.TO,"04/22/2020, 03:08:24",9.51,41510000.0,394780000.0,677970000.0,0,0,0.0,0.0,0.0,312444.0,36711.0,41481.0,2018-12-31,2018-12-31,2018-12-31
33,AI-DB.TO,"04/22/2020, 03:08:41",0,0,0,0,0,0,0,0,0.0,0.0,0.0,0.0,Null,Null,Null
34,AI-DB-B.TO,"04/22/2020, 03:08:56",0,0,0,0,0,0,0,0,0.0,0.0,0.0,0.0,Null,Null,Null
35,AI-DB-C.TO,"04/22/2020, 03:09:12",0,0,0,0,0,0,0,0,0.0,0.0,0.0,0.0,Null,Null,Null
36,AI-DB-D.TO,"04/22/2020, 03:09:28",0,0,0,0,0,0,0,0,0.0,0.0,0.0,0.0,Null,Null,Null
37,AI-DB-E.TO,"04/22/2020, 03:09:44",0,0,0,0,0,0,0,0,0.0,0.0,0.0,0.0,Null,Null,Null
38,AIF.TO,"04/22/2020, 03:10:00",40.95,39830000.0,1640000000.0,1860000000.0,77170000.0,0.0,0.0,0.0,60262.0,375473.0,567415.0,52425.0,2019-12-31,2019-12-31,2019-12-31
39,AII.TO,"04/22/2020, 03:10:15",0.45,183460000.0,82560000.0,121470000.0,11960000.0,0.0,0.0,0.0,8721.0,106439.0,65171.0,10940.0,2018-09-30,2018-09-30,2018-09-30
40,AIM.TO,"04/22/2020, 03:10:30",1.93,93850000.0,181130000.0,246170000.0,-57000000.0,0.0,0.0,0.0,185200.0,136200.0,134000.0,-117900.0,2019-12-31,2019-12-31,2019-12-31
41,AIM-PR-A.TO,"04/22/2020, 03:10:45",0,0,0,0,0,0,0,0,0.0,0.0,0.0,0.0,Null,Null,Null
42,AIM-PR-C.TO,"04/22/2020, 03:11:00",0,0,0,0,0,0,0,0,0.0,0.0,0.0,0.0,Null,Null,Null
43,AJX.TO,"04/22/2020, 03:11:16",0.17,117070000.0,19900000.0,3790000.0,-2450000.0,0.0,0.0,0.0,17248.0,9730.0,39246.0,-1079.0,2019-12-31,2019-12-31,2019-12-31
44,AKG.TO,"04/22/2020, 03:11:31",1.56,220820000.0,344470000.0,324030000.0,-10270000.0,0.0,0.0,0.0,31109.0,3247.0,0.0,-8748.0,2019-12-31,2019-12-31,2019-12-31
45,AKT-A.TO,"04/22/2020, 03:11:46",0.4,37950000.0,18330000.0,103720000.0,16140000.0,0.0,0.0,0.0,0.0,123982.0,175890.0,21558.0,2019-12-31,2019-12-31,2019-12-31
46,AKT-B.TO,"04/22/2020, 03:12:02",2.0,1650000.0,19250000.0,167090000.0,16140000.0,0.0,0.0,0.0,0.0,123982.0,175890.0,21558.0,2019-12-31,2019-12-31,2019-12-31
47,AKU.TO,"04/22/2020, 03:12:17",3.05,0,211040000.0,672520000.0,61630000.0,0.0,0.0,0.0,23389.0,521788.0,247436.0,19859.0,2019-12-31,2019-12-31,2019-12-31
48,AKU-U.TO,"04/22/2020, 03:12:33",2.15,0,132370000.0,0.0,0,0,0,0,23389.0,521788.0,247436.0,19859.0,2019-12-31,2019-12-31,2019-12-31
49,ALA.TO,"04/22/2020, 03:12:48",14.03,279080000.0,3920000000.0,12950000000.0,1020000000.0,0.0,0.0,0.0,57100.0,12425700.0,5495000.0,615500.0,2019-12-31,2019-12-31,2019-12-31
50,ALA-PR-A.TO,"04/22/2020, 03:13:04",0,0,0,0,0,0,0,0,0.0,0.0,0.0,0.0,Null,Null,Null
51,ALA-PR-B.TO,"04/22/2020, 03:13:21",0,0,0,0,0,0,0,0,0.0,0.0,0.0,0.0,Null,Null,Null
52,ALA-PR-E.TO,"04/22/2020, 03:13:36",0,0,0,0,0,0,0,0,0.0,0.0,0.0,0.0,Null,Null,Null
53,ALA-PR-G.TO,"04/22/2020, 03:13:52",0,0,0,0,0,0,0,0,0.0,0.0,0.0,0.0,Null,Null,Null
54,ALA-PR-H.TO,"04/22/2020, 03:14:07",0,0,0,0,0,0,0,0,0.0,0.0,0.0,0.0,Null,Null,Null
55,ALA-PR-I.TO,"04/22/2020, 03:14:22",0,0,0,0,0,0,0,0,0.0,0.0,0.0,0.0,Null,Null,Null
56,ALA-PR-K.TO,"04/22/2020, 03:14:37",0,0,0,0,0,0,0,0,0.0,0.0,0.0,0.0,Null,Null,Null
57,ALA-PR-U.TO,"04/22/2020, 03:14:53",0,0,0,0,0,0,0,0,0.0,0.0,0.0,0.0,Null,Null,Null
58,ALB.TO,"04/22/2020, 03:15:09",16.0,0.0,15690000.0,-9080000.0,0,0,0.0,0.0,0.0,0.0,0.0,0.0,Null,ttm,ttm
59,ALB-PR-C.TO,"04/22/2020, 03:15:24",0,0,0,0,0,0,0,0,0.0,0.0,0.0,0.0,Null,Null,Null
60,ALC.TO,"04/22/2020, 03:15:40",9.41,37810000.0,355780000.0,672290000.0,127500000.0,0.0,0.0,0.0,18865.0,486956.0,567908.0,137758.0,2019-12-31,2019-12-31,2019-12-31
61,ALC-DB-A.TO,"04/22/2020, 03:15:56",0,0,0,0,0,0,0,0,0.0,0.0,0.0,0.0,Null,Null,Null
62,ALEF.TO,"04/22/2020, 03:16:12",0.375,277890000.0,104210000.0,113730000.0,-18070000.0,0.0,0.0,0.0,42699.0,77842.0,16351.0,-30856.0,2019-12-31,2019-12-31,2019-12-31
63,ALEF-DB.TO,"04/22/2020, 03:16:27",55.0,0,0,0.0,0,0,0,0,0.0,0.0,0.0,0.0,Null,ttm,ttm
64,ALEF-WT.TO,"04/22/2020, 03:16:42",0.04,0,0,0.0,0,0,0,0,0.0,0.0,0.0,0.0,Null,ttm,ttm
65,ALO.TO,"04/22/2020, 03:16:59",0.88,85990000.0,75670000.0,118170000.0,-6150000.0,0.0,0.0,0.0,16567.0,132673.0,111541.0,235.0,2019-12-31,2019-12-31,2019-12-31
66,ALS.TO,"04/22/2020, 03:17:19",7.86,41800000.0,328580000.0,494270000.0,43930000.0,0.0,0.0,0.0,22128.0,166913.0,61225.0,27395.0,2019-12-31,2019-12-31,2019-12-31
67,ALYA.TO,"04/22/2020, 03:17:35",2.46,50280000.0,141220000.0,178790000.0,5740000.0,0.0,0.0,0.0,14125.0,85413.0,209478.0,-19573.0,2019-03-31,2019-03-31,2019-03-31
68,AMM.TO,"04/22/2020, 03:17:50",0.49,111730000.0,57450000.0,60020000.0,-3660000.0,0.0,0.0,0.0,912.0,5479.0,0.0,-1892.0,2019-12-31,2019-12-31,2019-12-31
69,AND.TO,"04/22/2020, 03:18:05",27.91,12500000.0,1050000000.0,1150000000.0,50610000.0,0.0,0.0,0.0,18712.0,151490.0,289988.0,61001.0,2019-12-31,2019-12-31,2019-12-31
70,ANX.TO,"04/22/2020, 03:18:23",0.18,135220000.0,24340000.0,24370000.0,4390000.0,0.0,0.0,0.0,4668.0,15424.0,29548.0,4372.0,2019-12-31,2019-12-31,2019-12-31
71,AOI.TO,"04/22/2020, 03:18:38",0.92,471950000.0,434190000.0,97890000.0,-11180000.0,0.0,0.0,0.0,329464.0,45602.0,0.0,-4484.0,2019-12-31,2019-12-31,2019-12-31
72,AOT.TO,"04/22/2020, 03:18:53",0.72,245780000.0,176960000.0,175610000.0,-6670000.0,0.0,0.0,0.0,20511.0,11787.0,0.0,-2974.0,2018-03-31,2018-03-31,2018-03-31
73,AP-UN.TO,"04/22/2020, 03:19:09",42.44,122840000.0,5210000000.0,7330000000.0,266149999.99999997,0.0,0.0,0.0,208914.0,2591994.0,541450.0,236748.0,2019-12-31,2019-12-31,2019-12-31
74,APHA.TO,"04/22/2020, 03:19:26",4.66,267589999.99999997,1250000000.0,1290000000.0,44490000.0,0.0,0.0,0.0,570996.0,708439.0,237110.0,-55605.0,2019-05-31,2019-05-31,2019-05-31
75,APR-UN.TO,"04/22/2020, 03:19:41",7.62,37700000.0,287250000.0,785790000.0,53420000.0,0.0,0.0,0.0,45266.0,541141.0,67580.0,52186.0,2019-12-31,2019-12-31,2019-12-31
76,APS.TO,"04/22/2020, 03:19:57",11.33,76110000.0,864140000.0,799340000.0,-26700000.0,0.0,0.0,0.0,97600.0,6550.0,0.0,-21558.0,2019-12-31,2019-12-31,2019-12-31
77,APY.TO,"04/22/2020, 03:20:12",2.4,181470000.0,461090000.0,433310000.0,0,0,0.0,0.0,7410.0,82233.0,55728.0,47086.0,2019-12-31,2019-12-31,2019-12-31
78,AQA.TO,"04/22/2020, 03:20:29",0.13,338560000.0,44010000.0,40160000.0,-11170000.0,0.0,0,0.0,4011.0,39844.0,0.0,-10066.0,2019-12-31,2019-12-31,2019-12-31
79,AQN.TO,"04/22/2020, 03:20:47",0,526690000.00000006,10110000000.0,15070000000.0,635490000.0,0.0,0.0,0.0,62485.0,6504875.0,1624921.0,611260.0,2019-12-31,2019-12-31,2019-12-31
80,AQN-PR-A.TO,"04/22/2020, 03:21:02",0,0,0,0,0,0,0,0,0.0,0.0,0.0,0.0,Null,Null,Null
81,AQN-PR-D.TO,"04/22/2020, 03:21:17",0,0,0,0,0,0,0,0,0.0,0.0,0.0,0.0,Null,Null,Null
82,AR.TO,"04/22/2020, 03:21:34",1.33,180000000.0,239400000.0,210330000.0,47770000.0,0.0,0.0,0.0,38787.0,75709.0,268885.0,74783.0,2019-12-31,2019-12-31,2019-12-31
83,ARB.TO,"04/22/2020, 03:21:49",20.26,0,0,0,0,0,0,0,0.0,0.0,0.0,0.0,Null,Null,Null
84,ARE.TO,"04/22/2020, 03:22:05",13.73,60720000.0,833630000.0,912810000.0,154640000.0,0.0,0.0,0.0,682264.0,2256642.0,3460418.0,198462.0,2019-12-31,2019-12-31,2019-12-31
85,ARE-DB-C.TO,"04/22/2020, 03:22:21",0,0,0,0,0,0,0,0,0.0,0.0,0.0,0.0,Null,Null,Null
86,ARG.TO,"04/22/2020, 03:22:36",0.26,180170000.0,46840000.0,103480000.0,11630000.0,0.0,0.0,0.0,1064.0,131030.0,153631.0,9712.0,2019-12-31,2019-12-31,2019-12-31
87,ARX.TO,"04/22/2020, 03:22:51",5.31,353410000.0,1880000000.0,2790000000.0,464500000.0,0.0,0.0,0.0,8500.0,2338400.0,1284500.0,638800.0,2019-12-31,2019-12-31,2019-12-31
88,ASM.TO,"04/22/2020, 03:23:07",0.55,77270000.0,42500000.0,41740000.0,0.0,0.0,0.0,0.0,9625.0,18648.0,31746.0,5507.0,2019-12-31,2019-12-31,2019-12-31
89,ASND.TO,"04/22/2020, 03:23:24",0.105,77690000.0,8160000.0,17750000.0,0.0,0.0,0.0,0.0,3945.0,42447.0,85618.0,16276.0,2018-12-31,2018-12-31,2018-12-31
90,ASP.TO,"04/22/2020, 03:23:40",0.065,1010000000.0,65680000.00000001,80420000.0,-10430000.0,0.0,0,0.0,5860.0,28271.0,3768.0,-11383.0,2019-12-31,2019-12-31,2019-12-31
91,ASR.TO,"04/22/2020, 03:23:56",6.4,294680000.0,1890000000.0,2300000000.0,241350000.0,0.0,0.0,0.0,194770.0,484224.0,470243.0,255191.0,2019-12-31,2019-12-31,2019-12-31
92,AT.TO,"04/22/2020, 03:24:11",0.92,47820000.0,44000000.0,64019999.99999999,4630000.0,0.0,0.0,0.0,7407.0,53760.0,119134.0,640.0,2019-12-31,2019-12-31,2019-12-31
93,ATA.TO,"04/22/2020, 03:24:26",18.53,92280000.0,1710000000.0,1980000000.0,170500000.0,0.0,0.0,0.0,224540.0,899212.0,1253616.0,127598.0,2019-03-31,2019-03-31,2019-03-31
94,ATD-A.TO,"04/22/2020, 03:24:42",39.51,253800000.0,44130000000.0,52550000000.0,3650000000.0,0.0,0.0,0.0,706400.0,13426600.0,59117600.0,3083600.0,2019-04-30,2019-04-30,2019-04-30
95,ATD-B.TO,"04/22/2020, 03:24:58",39.32,867420000.0,44170000000.0,51230000000.0,3650000000.0,0.0,0.0,0.0,706400.0,13426600.0,59117600.0,3083600.0,2019-04-30,2019-04-30,2019-04-30
96,ATH.TO,"04/22/2020, 03:25:14",0.12,523450000.00000006,62810000.0,384420000.0,200070000.0,0.0,0.0,0.0,254389.0,873403.0,836933.0,92632.0,2019-12-31,2019-12-31,2019-12-31
97,ATP.TO,"04/22/2020, 03:25:30",2.87,105500000.0,302790000.0,1060000000.0,106900000.0,0.0,0.0,0.0,74900.0,797900.0,281600.0,144700.0,2019-12-31,2019-12-31,2019-12-31
98,ATP-DB-E.TO,"04/22/2020, 03:25:45",0,0,0,0,0,0,0,0,0.0,0.0,0.0,0.0,Null,Null,Null
99,ATZ.TO,"04/22/2020, 03:26:00",13.75,84440000.0,1500000000.0,2000000000.0,178770000.0,0.0,0.0,0.0,100897.0,255065.0,874296.0,96175.0,2019-02-28,2019-02-28,2019-02-28
100,AUG.TO,"04/22/2020, 03:26:16",1.52,104610000.0,159120000.0,168370000.0,-14000000.0,0.0,0.0,0.0,1006.0,6139.0,0.0,-10597.0,2019-12-31,2019-12-31,2019-12-31
101,AUGB-F.TO,"04/22/2020, 03:26:32",29.03,0,0,0,0,0,0,0,0.0,0.0,0.0,0.0,Null,Null,Null
102,AUMN.TO,"04/22/2020, 03:26:46",0.335,108100000.0,37580000.0,32150000.0,-5070000.0,0.0,0.0,0.0,4593.0,7756.0,7730.0,-4395.0,2019-12-31,2019-12-31,2019-12-31
103,AUP.TO,"04/22/2020, 03:27:03",22.54,109070000.0,2520000000.0,2310000000.0,-74830000.0,0.0,0,0.0,306019.0,53167.0,318.0,-63456.0,2019-12-31,2019-12-31,2019-12-31
104,AVCN.TO,"04/22/2020, 03:27:18",1.69,23120000.0,39070000.0,48970000.0,-22430000.0,0.0,0.0,0.0,441.0,15289.0,168.0,-19450.0,2019-12-31,2019-12-31,2019-12-31
105,AVL.TO,"04/22/2020, 03:27:34",0.035,337300000.0,11810000.0,11180000.0,-1780000.0,0.0,0.0,0.0,1882.0,5785.0,53.0,0.0,2019-08-31,2019-08-31,2019-08-31
106,AVP.TO,"04/22/2020, 03:27:49",0.04,368120000.0,14720000.0,125490000.0,-13060000.0,0.0,0,0.0,4316.0,171615.0,164770.0,10911.0,2019-12-31,2019-12-31,2019-12-31
107,AW-UN.TO,"04/22/2020, 03:28:05",25.67,14060000.0,361040000.0,536880000.0,0,0,0.0,0.0,7130.0,78723.0,44470.0,35111.0,2019-12-31,2019-12-31,2019-12-31
108,AX-PR-A.TO,"04/22/2020, 03:28:20",0,0,0,0,0,0,0,0,0.0,0.0,0.0,0.0,Null,Null,Null
109,AX-PR-E.TO,"04/22/2020, 03:28:35",0,0,0,0,0,0,0,0,0.0,0.0,0.0,0.0,Null,Null,Null
110,AX-PR-I.TO,"04/22/2020, 03:28:50",0,0,0,0,0,0,0,0,0.0,0.0,0.0,0.0,Null,Null,Null
111,AX-UN.TO,"04/22/2020, 03:29:06",8.4,137300000.0,1150000000.0,4179999999.9999995,300020000.0,0.0,0.0,0.0,42455.0,2859266.0,521660.0,203850.0,2019-12-31,2019-12-31,2019-12-31
112,AXU.TO,"04/22/2020, 03:29:22",2.02,124660000.0,251810000.0,244990000.0,-11290000.0,0.0,0.0,0.0,7246.0,18683.0,29206.0,-7219.0,2019-12-31,2019-12-31,2019-12-31
113,AYM.TO,"04/22/2020, 03:29:37",1.79,137340000.0,280760000.0,245840000.0,0,0,0.0,0.0,7869.0,125851.0,187867.0,37934.0,2019-12-31,2019-12-31,2019-12-31
114,AZP-PR-A.TO,"04/22/2020, 03:29:52",0,0,0,0,0,0,0,0,0.0,0.0,0.0,0.0,Null,Null,Null
115,AZP-PR-B.TO,"04/22/2020, 03:30:07",0,0,0,0,0,0,0,0,0.0,0.0,0.0,0.0,Null,Null,Null
116,AZP-PR-C.TO,"04/22/2020, 03:30:23",0,0,0,0,0,0,0,0,0.0,0.0,0.0,0.0,Null,Null,Null
117,AZZ.TO,"04/22/2020, 03:30:39",0.185,197020000.0,36450000.0,34360000.0,-1940000.0,0.0,0.0,0.0,352.0,6157.0,0.0,-1834.0,2018-12-31,2018-12-31,2018-12-31
118,BAD.TO,"04/22/2020, 03:30:55",24.61,34920000.0,859470000.0,1070000000.0000001,141070000.0,0.0,0.0,0.0,8801.0,338291.0,654282.0,113406.0,2019-12-31,2019-12-31,2019-12-31
119,BAM-A.TO,"04/22/2020, 03:31:10",45.12,1510000000.0,68319999999.99999,301040000000.0,18240000000.0,0.0,0.0,0.0,10383000.0,207123000.0,67826000.0,6328000.0,2019-12-31,2019-12-31,2019-12-31
120,BAM-PF-A.TO,"04/22/2020, 03:31:25",0,0,0,0,0,0,0,0,0.0,0.0,0.0,0.0,Null,Null,Null
121,BAM-PF-B.TO,"04/22/2020, 03:31:41",0,0,0,0,0,0,0,0,0.0,0.0,0.0,0.0,Null,Null,Null
122,BAM-PF-C.TO,"04/22/2020, 03:31:57",0,0,0,0,0,0,0,0,0.0,0.0,0.0,0.0,Null,Null,Null
123,BAM-PF-D.TO,"04/22/2020, 03:32:12",0,0,0,0,0,0,0,0,0.0,0.0,0.0,0.0,Null,Null,Null
124,BAM-PF-E.TO,"04/22/2020, 03:32:27",0,0,0,0,0,0,0,0,0.0,0.0,0.0,0.0,Null,Null,Null
125,BAM-PF-F.TO,"04/22/2020, 03:32:43",0,0,0,0,0,0,0,0,0.0,0.0,0.0,0.0,Null,Null,Null
126,BAM-PF-G.TO,"04/22/2020, 03:32:59",0,0,0,0,0,0,0,0,0.0,0.0,0.0,0.0,Null,Null,Null
127,BAM-PF-H.TO,"04/22/2020, 03:33:17",0,0,0,0,0,0,0,0,0.0,0.0,0.0,0.0,Null,Null,Null
128,BAM-PF-I.TO,"04/22/2020, 03:33:31",0,0,0,0,0,0,0,0,0.0,0.0,0.0,0.0,Null,Null,Null
129,BAM-PF-J.TO,"04/22/2020, 03:33:47",0,0,0,0,0,0,0,0,0.0,0.0,0.0,0.0,Null,Null,Null
130,BAM-PR-B.TO,"04/22/2020, 03:34:02",0,0,0,0,0,0,0,0,0.0,0.0,0.0,0.0,Null,Null,Null
131,BAM-PR-C.TO,"04/22/2020, 03:34:18",0,0,0,0,0,0,0,0,0.0,0.0,0.0,0.0,Null,Null,Null
132,BAM-PR-E.TO,"04/22/2020, 03:34:35",0,0,0,0,0,0,0,0,0.0,0.0,0.0,0.0,Null,Null,Null
133,BAM-PR-G.TO,"04/22/2020, 03:34:51",0,0,0,0,0,0,0,0,0.0,0.0,0.0,0.0,Null,Null,Null
134,BAM-PR-K.TO,"04/22/2020, 03:35:07",0,0,0,0,0,0,0,0,0.0,0.0,0.0,0.0,Null,Null,Null
135,BAM-PR-M.TO,"04/22/2020, 03:35:28",0,0,0,0,0,0,0,0,0.0,0.0,0.0,0.0,Null,Null,Null
136,BAM-PR-N.TO,"04/22/2020, 03:35:45",0,0,0,0,0,0,0,0,0.0,0.0,0.0,0.0,Null,Null,Null
137,BAM-PR-R.TO,"04/22/2020, 03:36:01",0,0,0,0,0,0,0,0,0.0,0.0,0.0,0.0,Null,Null,Null
138,BAM-PR-S.TO,"04/22/2020, 03:36:17",0,0,0,0,0,0,0,0,0.0,0.0,0.0,0.0,Null,Null,Null
139,BAM-PR-T.TO,"04/22/2020, 03:36:33",0,0,0,0,0,0,0,0,0.0,0.0,0.0,0.0,Null,Null,Null
140,BAM-PR-X.TO,"04/22/2020, 03:36:49",0,0,0,0,0,0,0,0,0.0,0.0,0.0,0.0,Null,Null,Null
141,BAM-PR-Z.TO,"04/22/2020, 03:37:07",0,0,0,0,0,0,0,0,0.0,0.0,0.0,0.0,Null,Null,Null
142,BAR.TO,"04/22/2020, 03:37:22",0.445,177780000.0,79110000.0,70400000.0,-1420000.0,0.0,0.0,0.0,1725.0,10108.0,0.0,-2286.0,2018-12-31,2018-12-31,2018-12-31
143,BASE.TO,"04/22/2020, 03:37:38",16.71,0,0,0,0,0,0,0,0.0,0.0,0.0,0.0,Null,Null,Null
144,BASE-B.TO,"04/22/2020, 03:38:03",16.42,0,0,0,0,0,0,0,0.0,0.0,0.0,0.0,Null,Null,Null
145,BB.TO,"04/22/2020, 03:38:19",5.55,554230000.0,3080000000.0,3160000000.0,43000000.0,0.0,0.0,0.0,909000.0,1359000.0,1040000.0,26000.0,2020-02-29,2020-02-29,2020-02-29
146,BB-DB-V.TO,"04/22/2020, 03:38:36",0,0,0,0,0,0,0,0,0.0,0.0,0.0,0.0,Null,Null,Null
147,BBD-A.TO,"04/22/2020, 03:38:52",0.61,308750000.0,1030000000.0,10710000000.0,421000000.0,0.0,0,0.0,2824000.0,30883000.0,15757000.0,-680000.0,2019-12-31,2019-12-31,2019-12-31
148,BBD-B.TO,"04/22/2020, 03:39:08",0.41,2089999999.9999998,1040000000.0,10160000000.0,421000000.0,0.0,0,0.0,2824000.0,30883000.0,15757000.0,-680000.0,2019-12-31,2019-12-31,2019-12-31
149,BBD-PR-B.TO,"04/22/2020, 03:39:24",0,0,0,0,0,0,0,0,0.0,0.0,0.0,0.0,Null,Null,Null
150,BBD-PR-C.TO,"04/22/2020, 03:39:38",0,0,0,0,0,0,0,0,0.0,0.0,0.0,0.0,Null,Null,Null
151,BBD-PR-D.TO,"04/22/2020, 03:39:55",0,0,0,0,0,0,0,0,0.0,0.0,0.0,0.0,Null,Null,Null
152,BBL-A.TO,"04/22/2020, 03:40:11",5.5,9260000.0,60470000.0,66650000.00000001,14200000.0,0.0,0.0,0.0,30953.0,79213.0,141629.0,13251.0,2019-12-31,2019-12-31,2019-12-31
153,BBU-UN.TO,"04/22/2020, 03:40:27",39.64,80890000.0,3210000000.0,38620000000.0,3470000000.0,0.0,0.0,0.0,2720000.0,40698000.0,43032000.0,2163000.0,2019-12-31,2019-12-31,2019-12-31
154,BC-U.TO,"04/22/2020, 03:40:45",9.67,0,87030000.0,430510000.0,0,0,0,0.0,4182.0,389972.0,0.0,0.0,2019-12-31,ttm,ttm
155,BC-WT-U.TO,"04/22/2020, 03:41:02",0,0,0,0,0,0,0,0,0.0,0.0,0.0,0.0,Null,Null,Null
156,BCE.TO,"04/22/2020, 03:41:18",56.69,904250000.0,51260000000.0,82980000000.0,8620000000.0,0.0,0.0,0.0,145000.0,38738000.0,23964000.0,7958000.0,2019-12-31,2019-12-31,2019-12-31
157,BCE-PR-A.TO,"04/22/2020, 03:41:33",0,0,0,0,0,0,0,0,0.0,0.0,0.0,0.0,Null,Null,Null
158,BCE-PR-B.TO,"04/22/2020, 03:41:49",0,0,0,0,0,0,0,0,0.0,0.0,0.0,0.0,Null,Null,Null
159,BCE-PR-C.TO,"04/22/2020, 03:42:06",0,0,0,0,0,0,0,0,0.0,0.0,0.0,0.0,Null,Null,Null
160,BCE-PR-D.TO,"04/22/2020, 03:42:22",0,0,0,0,0,0,0,0,0.0,0.0,0.0,0.0,Null,Null,Null
161,BCE-PR-E.TO,"04/22/2020, 03:42:38",0,0,0,0,0,0,0,0,0.0,0.0,0.0,0.0,Null,Null,Null
162,BCE-PR-F.TO,"04/22/2020, 03:42:54",0,0,0,0,0,0,0,0,0.0,0.0,0.0,0.0,Null,Null,Null
163,BCE-PR-G.TO,"04/22/2020, 03:43:11",0,0,0,0,0,0,0,0,0.0,0.0,0.0,0.0,Null,Null,Null
164,BCE-PR-H.TO,"04/22/2020, 03:43:27",0,0,0,0,0,0,0,0,0.0,0.0,0.0,0.0,Null,Null,Null
165,BCE-PR-I.TO,"04/22/2020, 03:43:43",0,0,0,0,0,0,0,0,0.0,0.0,0.0,0.0,Null,Null,Null
166,BCE-PR-J.TO,"04/22/2020, 03:43:59",0,0,0,0,0,0,0,0,0.0,0.0,0.0,0.0,Null,Null,Null
167,BCE-PR-K.TO,"04/22/2020, 03:44:16",0,0,0,0,0,0,0,0,0.0,0.0,0.0,0.0,Null,Null,Null
168,BCE-PR-L.TO,"04/22/2020, 03:44:31",0,0,0,0,0,0,0,0,0.0,0.0,0.0,0.0,Null,Null,Null
169,BCE-PR-M.TO,"04/22/2020, 03:44:48",0,0,0,0,0,0,0,0,0.0,0.0,0.0,0.0,Null,Null,Null
170,BCE-PR-N.TO,"04/22/2020, 03:45:06",0,0,0,0,0,0,0,0,0.0,0.0,0.0,0.0,Null,Null,Null
171,BCE-PR-O.TO,"04/22/2020, 03:45:22",0,0,0,0,0,0,0,0,0.0,0.0,0.0,0.0,Null,Null,Null
172,BCE-PR-Q.TO,"04/22/2020, 03:45:37",0,0,0,0,0,0,0,0,0.0,0.0,0.0,0.0,Null,Null,Null
173,BCE-PR-R.TO,"04/22/2020, 03:45:53",0,0,0,0,0,0,0,0,0.0,0.0,0.0,0.0,Null,Null,Null
174,BCE-PR-S.TO,"04/22/2020, 03:46:09",0,0,0,0,0,0,0,0,0.0,0.0,0.0,0.0,Null,Null,Null
175,BCE-PR-T.TO,"04/22/2020, 03:46:25",0,0,0,0,0,0,0,0,0.0,0.0,0.0,0.0,Null,Null,Null
176,BCE-PR-Y.TO,"04/22/2020, 03:46:42",0,0,0,0,0,0,0,0,0.0,0.0,0.0,0.0,Null,Null,Null
177,BCE-PR-Z.TO,"04/22/2020, 03:46:57",0,0,0,0,0,0,0,0,0.0,0.0,0.0,0.0,Null,Null,Null
178,BCI.TO,"04/22/2020, 03:47:13",27.99,15660000.0,438330000.0,596390000.0,51530000.0,0.0,0.0,0.0,14848.0,227459.0,297865.0,43607.0,2019-12-31,2019-12-31,2019-12-31
179,BDI.TO,"04/22/2020, 03:47:28",1.26,55910000.0,70440000.0,193910000.0,31200000.0,0.0,0.0,0.0,4291.0,207366.0,185936.0,36671.0,2019-12-31,2019-12-31,2019-12-31
180,BDIV.TO,"04/22/2020, 03:47:46",17.17,0,0,0,0,0,0,0,0.0,0.0,0.0,0.0,Null,Null,Null
181,BDT.TO,"04/22/2020, 03:48:01",4.87,42520000.0,207060000.0,193230000.0,21720000.0,0.0,0.0,0.0,180334.0,729067.0,1376408.0,-38076.0,2019-12-31,2019-12-31,2019-12-31
182,BEI-UN.TO,"04/22/2020, 03:48:17",24.95,46460000.0,1270000000.0,4260000000.0,214900000.0,0.0,0.0,0.0,35200.0,3158329.0,455313.0,160743.0,2019-12-31,2019-12-31,2019-12-31
183,BEK-B.TO,"04/22/2020, 03:48:33",11.6,1270000.0,20980000.0,19560000.0,0,0,0,0.0,6306.0,5065.0,3144.0,1296.0,2019-04-30,2019-04-30,2019-04-30
184,BEP-PR-E.TO,"04/22/2020, 03:48:49",0,0,0,0,0,0,0,0,0.0,0.0,0.0,0.0,Null,Null,Null
185,BEP-PR-G.TO,"04/22/2020, 03:49:05",0,0,0,0,0,0,0,0,0.0,0.0,0.0,0.0,Null,Null,Null
186,BEP-PR-I.TO,"04/22/2020, 03:49:22",0,0,0,0,0,0,0,0,0.0,0.0,0.0,0.0,Null,Null,Null
187,BEP-PR-K.TO,"04/22/2020, 03:49:38",0,0,0,0,0,0,0,0,0.0,0.0,0.0,0.0,Null,Null,Null
188,BEP-PR-M.TO,"04/22/2020, 03:49:53",0,0,0,0,0,0,0,0,0.0,0.0,0.0,0.0,Null,Null,Null
189,BEP-PR-O.TO,"04/22/2020, 03:50:08",0,0,0,0,0,0,0,0,0.0,0.0,0.0,0.0,Null,Null,Null
190,BEP-UN.TO,"04/22/2020, 03:50:24",61.67,178980000.0,11040000000.0,41580000000.0,1870000000.0,0.0,0.0,0.0,115000.0,17560000.0,2980000.0,1212000.0,2019-12-31,2019-12-31,2019-12-31
191,BFIN.TO,"04/22/2020, 03:50:40",15.6,0,0,0,0,0,0,0,0.0,0.0,0.0,0.0,Null,Null,Null
192,BFIN-U.TO,"04/22/2020, 03:50:56",16.0,0,0,0,0,0,0,0,0.0,0.0,0.0,0.0,Null,Null,Null
193,BGC.TO,"04/22/2020, 03:51:12",18.97,0,0,0,0,0,0,0,0.0,0.0,0.0,0.0,Null,Null,Null
194,BGI-UN.TO,"04/22/2020, 03:51:27",5.89,16050000.0,94550000.0,0.0,0,0,0,0,0.0,48280.0,31088.0,20819.0,2019-12-31,2019-12-31,2019-12-31
195,BGU.TO,"04/22/2020, 03:51:43",24.0,0,0,0,0,0,0,0,0.0,0.0,0.0,0.0,Null,Null,Null
196,BGU-U.TO,"04/22/2020, 03:52:00",16.9,0,0,0,0,0,0,0,0.0,0.0,0.0,0.0,Null,Null,Null
197,BHC.TO,"04/22/2020, 03:52:16",23.0,353360000.0,8130000000.000001,31620000000.0,3410000000.0,0.0,0.0,0.0,3243000.0,32727000.0,8601000.0,1501000.0,2019-12-31,2019-12-31,2019-12-31
198,BIK-PR-A.TO,"04/22/2020, 03:52:31",0,0,0,0,0,0,0,0,0.0,0.0,0.0,0.0,Null,Null,Null
199,BIP-PR-A.TO,"04/22/2020, 03:52:47",0,0,0,0,0,0,0,0,0.0,0.0,0.0,0.0,Null,Null,Null
200,BIP-PR-B.TO,"04/22/2020, 03:53:04",0,0,0,0,0,0,0,0,0.0,0.0,0.0,0.0,Null,Null,Null
201,BIP-PR-C.TO,"04/22/2020, 03:53:20",0,0,0,0,0,0,0,0,0.0,0.0,0.0,0.0,Null,Null,Null
202,BIP-PR-D.TO,"04/22/2020, 03:53:35",0,0,0,0,0,0,0,0,0.0,0.0,0.0,0.0,Null,Null,Null
203,BIP-PR-E.TO,"04/22/2020, 03:53:51",0,0,0,0,0,0,0,0,0.0,0.0,0.0,0.0,Null,Null,Null
204,BIP-PR-F.TO,"04/22/2020, 03:54:06",0,0,0,0,0,0,0,0,0.0,0.0,0.0,0.0,Null,Null,Null
205,BIP-UN.TO,"04/22/2020, 03:54:22",52.68,293530000.0,15460000000.0,54880000000.0,2920000000.0,0.0,0.0,0.0,866000.0,34131000.0,6597000.0,2143000.0,2019-12-31,2019-12-31,2019-12-31
206,BIPC.TO,"04/22/2020, 03:54:37",53.22,46350000.0,2470000000.0,0.0,1340000000.0,0,0.0,0,204000.0,6576000.0,1619000.0,1083000.0,2019-12-31,2019-12-31,2019-12-31
207,BIR.TO,"04/22/2020, 03:54:52",1.39,265940000.0,369650000.0,1070000000.0000001,159960000.0,0.0,0.0,0.0,70.0,1121064.0,633690.0,327066.0,2019-12-31,2019-12-31,2019-12-31
208,BIR-PR-A.TO,"04/22/2020, 03:55:10",0,0,0,0,0,0,0,0,0.0,0.0,0.0,0.0,Null,Null,Null
209,BIR-PR-C.TO,"04/22/2020, 03:55:24",0,0,0,0,0,0,0,0,0.0,0.0,0.0,0.0,Null,Null,Null
210,BK.TO,"04/22/2020, 03:55:40",6.39,11090000.0,70880000.0,-57420000.0,0,0,0.0,0.0,0.0,113176.0,22825.0,24122.0,2019-11-30,2019-11-30,2019-11-30
211,BK-PR-A.TO,"04/22/2020, 03:55:55",0,0,0,0,0,0,0,0,0.0,0.0,0.0,0.0,Null,Null,Null
212,BKI.TO,"04/22/2020, 03:56:10",0.06,186300000.0,11180000.0,11680000.0,-2069999.9999999998,0.0,0,0.0,988.0,3123.0,0.0,-2230.0,2019-12-31,2019-12-31,2019-12-31
213,BKL-C.TO,"04/22/2020, 03:56:25",18.44,0,0,0,0,0,0,0,0.0,0.0,0.0,0.0,Null,Null,Null
214,BKL-F.TO,"04/22/2020, 03:56:42",16.71,0,0,0,0,0,0,0,0.0,0.0,0.0,0.0,Null,Null,Null
215,BKL-U.TO,"04/22/2020, 03:56:58",13.01,0,0,0,0,0,0,0,0.0,0.0,0.0,0.0,Null,Null,Null
216,BKX.TO,"04/22/2020, 03:57:16",0.06,232920000.0,13980000.0,37640000.0,8550000.0,0.0,0.0,0.0,3089.0,35173.0,22179.0,6771.0,2019-12-31,2019-12-31,2019-12-31
217,BL-UN.TO,"04/22/2020, 03:57:32",10.04,0,0,0,0,0,0,0,0.0,0.0,0.0,0.0,Null,Null,Null
218,BLB-UN.TO,"04/22/2020, 03:57:47",7.17,0,0,0.0,0,0,0,0,0.0,0.0,0.0,0.0,Null,ttm,ttm
219,BLCK.TO,"04/22/2020, 03:58:04",18.76,0,0,0,0,0,0,0,0.0,0.0,0.0,0.0,Null,Null,Null
220,BLDP.TO,"04/22/2020, 03:58:20",13.86,233510000.0,3250000000.0,3230000000.0,-22600000.0,0.0,0.0,0.0,147792.0,90056.0,106327.0,-14230.0,2019-12-31,2019-12-31,2019-12-31
221,BLU.TO,"04/22/2020, 03:58:34",12.98,60150000.0,780730000.0,602170000.0,-33940000.0,0.0,0.0,0.0,116884.0,9915.0,35.0,-27865.0,2019-12-31,2019-12-31,2019-12-31
222,BLX.TO,"04/22/2020, 03:58:50",26.15,96330000.0,2520000000.0,5880000000.0,374000000.0,0.0,0.0,0.0,170000.0,3682000.0,574000.0,294000.0,2019-12-31,2019-12-31,2019-12-31
223,BMO.TO,"04/22/2020, 03:59:05",66.43,639630000.0,42490000000.0,-67480000000.00001,0,0,0,0.0,0.0,801119000.0,25332000.0,29303000.0,2019-10-31,2019-10-31,2019-10-31
224,BMO-PR-A.TO,"04/22/2020, 03:59:20",0,0,0,0,0,0,0,0,0.0,0.0,0.0,0.0,Null,Null,Null
225,BMO-PR-B.TO,"04/22/2020, 03:59:35",0,0,0,0,0,0,0,0,0.0,0.0,0.0,0.0,Null,Null,Null
226,BMO-PR-C.TO,"04/22/2020, 03:59:50",0,0,0,0,0,0,0,0,0.0,0.0,0.0,0.0,Null,Null,Null
227,BMO-PR-D.TO,"04/22/2020, 04:00:07",0,0,0,0,0,0,0,0,0.0,0.0,0.0,0.0,Null,Null,Null
228,BMO-PR-E.TO,"04/22/2020, 04:00:22",0,0,0,0,0,0,0,0,0.0,0.0,0.0,0.0,Null,Null,Null
229,BMO-PR-F.TO,"04/22/2020, 04:00:37",0,0,0,0,0,0,0,0,0.0,0.0,0.0,0.0,Null,Null,Null
230,BMO-PR-Q.TO,"04/22/2020, 04:00:53",0,0,0,0,0,0,0,0,0.0,0.0,0.0,0.0,Null,Null,Null
231,BMO-PR-S.TO,"04/22/2020, 04:01:09",0,0,0,0,0,0,0,0,0.0,0.0,0.0,0.0,Null,Null,Null
232,BMO-PR-T.TO,"04/22/2020, 04:01:25",0,0,0,0,0,0,0,0,0.0,0.0,0.0,0.0,Null,Null,Null
233,BMO-PR-W.TO,"04/22/2020, 04:01:40",0,0,0,0,0,0,0,0,0.0,0.0,0.0,0.0,Null,Null,Null
234,BMO-PR-Y.TO,"04/22/2020, 04:01:56",0,0,0,0,0,0,0,0,0.0,0.0,0.0,0.0,Null,Null,Null
235,BMO-PR-Z.TO,"04/22/2020, 04:02:13",0,0,0,0,0,0,0,0,0.0,0.0,0.0,0.0,Null,Null,Null
236,BNC.TO,"04/22/2020, 04:02:30",17.11,0,0,0,0,0,0,0,0.0,0.0,0.0,0.0,Null,Null,Null
237,BND.TO,"04/22/2020, 04:02:46",17.68,0,0,0,0,0,0,0,0.0,0.0,0.0,0.0,Null,Null,Null
238,BNE.TO,"04/22/2020, 04:03:02",1.1,33390000.0,36730000.0,329160000.0,109350000.0,0.0,0.0,0.0,131.0,583868.0,202749.0,81132.0,2019-12-31,2019-12-31,2019-12-31
239,BNG.TO,"04/22/2020, 04:03:19",0.025,102270000.0,2560000.0,18130000.0,1810000.0,0.0,0.0,0.0,2891.0,21033.0,11211.0,2691.0,2019-03-31,2019-03-31,2019-03-31
240,BNP.TO,"04/22/2020, 04:03:35",0.15,260519999.99999997,39080000.0,849810000.0,126520000.0,0.0,0.0,0.0,0.0,1371525.0,514967.0,291191.0,2018-12-31,2018-12-31,2018-12-31
241,BNS.TO,"04/22/2020, 04:03:52",52.46,1210000000.0,63620000000.0,-129080000000.00002,0,0,0,0.0,0.0,1015969000.0,30384000.0,-12025000.0,2019-10-31,2019-10-31,2019-10-31
242,BNS-PR-D.TO,"04/22/2020, 04:04:07",0,0,0,0,0,0,0,0,0.0,0.0,0.0,0.0,Null,Null,Null
243,BNS-PR-E.TO,"04/22/2020, 04:04:22",0,0,0,0,0,0,0,0,0.0,0.0,0.0,0.0,Null,Null,Null
244,BNS-PR-F.TO,"04/22/2020, 04:04:37",0,0,0,0,0,0,0,0,0.0,0.0,0.0,0.0,Null,Null,Null
245,BNS-PR-G.TO,"04/22/2020, 04:04:53",0,0,0,0,0,0,0,0,0.0,0.0,0.0,0.0,Null,Null,Null
246,BNS-PR-H.TO,"04/22/2020, 04:05:19",0,0,0,0,0,0,0,0,0.0,0.0,0.0,0.0,Null,Null,Null
247,BNS-PR-I.TO,"04/22/2020, 04:05:35",0,0,0,0,0,0,0,0,0.0,0.0,0.0,0.0,Null,Null,Null
248,BNS-PR-Y.TO,"04/22/2020, 04:05:50",0,0,0,0,0,0,0,0,0.0,0.0,0.0,0.0,Null,Null,Null
249,BNS-PR-Z.TO,"04/22/2020, 04:06:06",0,0,0,0,0,0,0,0,0.0,0.0,0.0,0.0,Null,Null,Null
250,BOS.TO,"04/22/2020, 04:06:21",13.47,23390000.0,315100000.0,401520000.0,28860000.0,0.0,0.0,0.0,121.0,123685.0,328126.0,11706.0,2019-12-31,2019-12-31,2019-12-31
251,BOY.TO,"04/22/2020, 04:06:36",0.3,31780000.0,9530000.0,97410000.0,19350000.0,0.0,0.0,0.0,18956.0,185027.0,395172.0,24284.0,2019-06-30,2019-06-30,2019-06-30
252,BPF-UN.TO,"04/22/2020, 04:06:51",6.64,21790000.0,144670000.0,263579999.99999997,0,0,0.0,0.0,1753.0,131323.0,45395.0,35621.0,2019-12-31,2019-12-31,2019-12-31
253,BPO-PR-A.TO,"04/22/2020, 04:07:07",0,0,0,0,0,0,0,0,0.0,0.0,0.0,0.0,Null,Null,Null
254,BPO-PR-C.TO,"04/22/2020, 04:07:23",0,0,0,0,0,0,0,0,0.0,0.0,0.0,0.0,Null,Null,Null
255,BPO-PR-E.TO,"04/22/2020, 04:07:38",0,0,0,0,0,0,0,0,0.0,0.0,0.0,0.0,Null,Null,Null
256,BPO-PR-G.TO,"04/22/2020, 04:07:54",0,0,0,0,0,0,0,0,0.0,0.0,0.0,0.0,Null,Null,Null
257,BPO-PR-I.TO,"04/22/2020, 04:08:09",0,0,0,0,0,0,0,0,0.0,0.0,0.0,0.0,Null,Null,Null
258,BPO-PR-N.TO,"04/22/2020, 04:08:25",0,0,0,0,0,0,0,0,0.0,0.0,0.0,0.0,Null,Null,Null
259,BPO-PR-P.TO,"04/22/2020, 04:08:41",0,0,0,0,0,0,0,0,0.0,0.0,0.0,0.0,Null,Null,Null
260,BPO-PR-R.TO,"04/22/2020, 04:08:56",0,0,0,0,0,0,0,0,0.0,0.0,0.0,0.0,Null,Null,Null
261,BPO-PR-S.TO,"04/22/2020, 04:09:11",0,0,0,0,0,0,0,0,0.0,0.0,0.0,0.0,Null,Null,Null
262,BPO-PR-T.TO,"04/22/2020, 04:09:26",0,0,0,0,0,0,0,0,0.0,0.0,0.0,0.0,Null,Null,Null
263,BPO-PR-W.TO,"04/22/2020, 04:09:43",0,0,0,0,0,0,0,0,0.0,0.0,0.0,0.0,Null,Null,Null
264,BPO-PR-X.TO,"04/22/2020, 04:09:57",0,0,0,0,0,0,0,0,0.0,0.0,0.0,0.0,Null,Null,Null
265,BPO-PR-Y.TO,"04/22/2020, 04:10:14",0,0,0,0,0,0,0,0,0.0,0.0,0.0,0.0,Null,Null,Null
266,BPRF.TO,"04/22/2020, 04:10:29",23.64,0,0,0,0,0,0,0,0.0,0.0,0.0,0.0,Null,Null,Null
267,BPRF-U.TO,"04/22/2020, 04:10:47",22.79,0,0,0,0,0,0,0,0.0,0.0,0.0,0.0,Null,Null,Null
268,BPS-PR-A.TO,"04/22/2020, 04:11:03",0,0,0,0,0,0,0,0,0.0,0.0,0.0,0.0,Null,Null,Null
269,BPS-PR-B.TO,"04/22/2020, 04:11:18",0,0,0,0,0,0,0,0,0.0,0.0,0.0,0.0,Null,Null,Null
270,BPS-PR-C.TO,"04/22/2020, 04:11:33",0,0,0,0,0,0,0,0,0.0,0.0,0.0,0.0,Null,Null,Null
271,BPS-PR-U.TO,"04/22/2020, 04:11:48",0,0,0,0,0,0,0,0,0.0,0.0,0.0,0.0,Null,Null,Null
272,BPY-UN.TO,"04/22/2020, 04:12:03",12.04,441380000.0,11400000000.0,95110000000.0,6100000000.0,0.0,0.0,0.0,1438000.0,66708000.0,7859000.0,624000.0,2019-12-31,2019-12-31,2019-12-31
273,BR.TO,"04/22/2020, 04:12:19",4.2,6980000.0,29320000.0,35380000.0,-1360000.0,0.0,0.0,0.0,354.0,13903.0,42653.0,-1218.0,2019-12-31,2019-12-31,2019-12-31
274,BRE.TO,"04/22/2020, 04:12:35",9.07,9480000.0,86020000.0,158440000.0,27150000.0,0.0,0,0.0,5202.0,131196.0,44349.0,15600.0,2019-12-31,2019-12-31,2019-12-31
275,BRF-PR-A.TO,"04/22/2020, 04:12:51",0,0,0,0,0,0,0,0,0.0,0.0,0.0,0.0,Null,Null,Null
276,BRF-PR-B.TO,"04/22/2020, 04:13:06",0,0,0,0,0,0,0,0,0.0,0.0,0.0,0.0,Null,Null,Null
277,BRF-PR-C.TO,"04/22/2020, 04:13:22",0,0,0,0,0,0,0,0,0.0,0.0,0.0,0.0,Null,Null,Null
278,BRF-PR-E.TO,"04/22/2020, 04:13:36",0,0,0,0,0,0,0,0,0.0,0.0,0.0,0.0,Null,Null,Null
279,BRF-PR-F.TO,"04/22/2020, 04:13:52",0,0,0,0,0,0,0,0,0.0,0.0,0.0,0.0,Null,Null,Null
280,BRY.TO,"04/22/2020, 04:14:07",0.065,23920000.0,1560000.0,22380000.0,2850000.0,0.0,0.0,0.0,0.0,51463.0,121436.0,1990.0,2018-12-31,2018-12-31,2018-12-31
281,BSC.TO,"04/22/2020, 04:14:22",12.68,0.0,11350000.0,-8700000.0,0,0,0.0,0.0,0.0,0.0,0.0,0.0,Null,ttm,ttm
282,BSC-PR-C.TO,"04/22/2020, 04:14:37",0,0,0,0,0,0,0,0,0.0,0.0,0.0,0.0,Null,Null,Null
283,BSO-UN.TO,"04/22/2020, 04:14:52",2.75,6030000.0,16579999.999999998,0.0,0,0,0,0,0.0,1035.0,3838.0,13840.0,2019-12-31,2019-12-31,2019-12-31
284,BSX.TO,"04/22/2020, 04:15:08",0.57,448850000.0,255840000.0,217500000.0,-8890000.0,0.0,0.0,0.0,28966.0,4404.0,0.0,-7715.0,2019-12-31,2019-12-31,2019-12-31
285,BTB-DB-F.TO,"04/22/2020, 04:15:24",0,0,0,0,0,0,0,0,0.0,0.0,0.0,0.0,Null,Null,Null
286,BTB-DB-G.TO,"04/22/2020, 04:15:40",0,0,0,0,0,0,0,0,0.0,0.0,0.0,0.0,Null,Null,Null
287,BTB-UN.TO,"04/22/2020, 04:15:55",3.77,62250000.0,234690000.0,788710000.0,45490000.0,0.0,0.0,0.0,1803.0,582991.0,94077.0,47223.0,2019-12-31,2019-12-31,2019-12-31
288,BTE.TO,"04/22/2020, 04:16:11",0.305,560670000.0,171000000.0,2009999999.9999998,900440000.0,0.0,0.0,0.0,5572.0,2966874.0,1805919.0,834939.0,2019-12-31,2019-12-31,2019-12-31
289,BTO.TO,"04/22/2020, 04:16:26",6.5,1040000000.0,6740000000.0,6530000000.0,623700000.0,0.0,0.0,0.0,140596.0,631419.0,1155637.0,491973.0,2019-12-31,2019-12-31,2019-12-31
290,BU.TO,"04/22/2020, 04:16:41",1.21,95620000.0,115700000.0,107870000.0,-3860000.0,0.0,0.0,0.0,489.0,4444.0,40.0,-4147.0,2019-03-31,2019-03-31,2019-03-31
291,BUA-UN.TO,"04/22/2020, 04:16:56",4.99,0,0,0.0,0,0,0,0,0.0,0.0,0.0,0.0,Null,ttm,ttm
292,BUI.TO,"04/22/2020, 04:17:12",2.7,25000000.0,67500000.0,105490000.0,-20460000.0,0.0,0.0,0.0,0.0,155824.0,229119.0,-30302.0,2019-09-30,2019-09-30,2019-09-30
293,BXF.TO,"04/22/2020, 04:17:28",10.52,0,0,0,0,0,0,0,0.0,0.0,0.0,0.0,Null,Null,Null
294,BXS-DB-C.TO,"04/22/2020, 04:17:43",0,0,0,0,0,0,0,0,0.0,0.0,0.0,0.0,Null,Null,Null
295,BYD.TO,"04/22/2020, 04:17:58",178.19,19870000.0,3600000000.0,4490000000.0,214320000.0,0.0,0.0,0.0,64476.0,662382.0,1864613.0,180515.0,2018-12-31,2018-12-31,2018-12-31
296,BYL.TO,"04/22/2020, 04:18:13",1.22,40230000.0,49080000.0,99980000.0,8140000.000000001,0.0,0.0,0.0,13974.0,88676.0,153323.0,-2726.0,2019-12-31,2019-12-31,2019-12-31
297,BYL-DB.TO,"04/22/2020, 04:18:28",0,0,0,0,0,0,0,0,0.0,0.0,0.0,0.0,Null,Null,Null
298,CACB.TO,"04/22/2020, 04:18:45",21.28,0,0,0,0,0,0,0,0.0,0.0,0.0,0.0,Null,Null,Null
299,CAE.TO,"04/22/2020, 04:19:01",20.81,266060000.0,5540000000.0,7930000000.0,733800000.0,0.0,0.0,0.0,446100.0,4755500.0,3304100.0,530400.0,2019-03-31,2019-03-31,2019-03-31
300,CAGG.TO,"04/22/2020, 04:19:19",51.75,0,0,0,0,0,0,0,0.0,0.0,0.0,0.0,Null,Null,Null
301,CAGS.TO,"04/22/2020, 04:19:35",49.0,0,0,0,0,0,0,0,0.0,0.0,0.0,0.0,Null,Null,Null
302,CAL.TO,"04/22/2020, 04:19:51",16.55,11520000.0,190590000.0,200820000.0,30120000.0,0.0,0.0,0.0,9383.0,18836.0,75826.0,18060.0,2019-12-31,2019-12-31,2019-12-31
303,CALL.TO,"04/22/2020, 04:20:07",11.45,0,0,0,0,0,0,0,0.0,0.0,0.0,0.0,Null,Null,Null
304,CALL-B.TO,"04/22/2020, 04:20:23",14.14,0,0,0,0,0,0,0,0.0,0.0,0.0,0.0,Null,Null,Null
305,CALL-U.TO,"04/22/2020, 04:20:39",12.45,0,0,0,0,0,0,0,0.0,0.0,0.0,0.0,Null,Null,Null
306,CAN.TO,"04/22/2020, 04:20:55",8.67,0,0,0,0,0,0,0,0.0,0.0,0.0,0.0,Null,Null,Null
307,CAR-UN.TO,"04/22/2020, 04:21:10",44.93,169490000.0,7630000000.0,12140000000.0,447750000.0,0.0,0.0,0.0,477328.0,5614054.0,777884.0,454629.0,2019-12-31,2019-12-31,2019-12-31
308,CARS.TO,"04/22/2020, 04:21:29",19.58,0,0,0,0,0,0,0,0.0,0.0,0.0,0.0,Null,Null,Null
309,CARS-B.TO,"04/22/2020, 04:21:44",19.5,0,0,0,0,0,0,0,0.0,0.0,0.0,0.0,Null,Null,Null
310,CARS-U.TO,"04/22/2020, 04:22:00",15.71,0,0,0,0,0,0,0,0.0,0.0,0.0,0.0,Null,Null,Null
311,CAS.TO,"04/22/2020, 04:22:16",12.99,94310000.0,1230000000.0,3370000000.0,497000000.0,0.0,0.0,0.0,133000.0,3263000.0,4649000.0,373000.0,2018-12-31,2018-12-31,2018-12-31
312,CBH.TO,"04/22/2020, 04:22:34",19.07,0,0,0,0,0,0,0,0.0,0.0,0.0,0.0,Null,Null,Null
313,CBO.TO,"04/22/2020, 04:22:52",18.59,0,0,0,0,0,0,0,0.0,0.0,0.0,0.0,Null,Null,Null
314,CBT-UN.TO,"04/22/2020, 04:23:06",9.08,0,0,0.0,0,0,0,0,0.0,0.0,0.0,0.0,Null,ttm,ttm
315,CCA.TO,"04/22/2020, 04:23:22",98.01,32680000.0,4740000000.0,7990000000.0,1120000000.0,0.0,0.0,0.0,556504.0,4391601.0,2331820.0,868711.0,2019-08-31,2019-08-31,2019-08-31
316,CCL-A.TO,"04/22/2020, 04:23:39",41.32,11800000.0,7230000000.0,9580000000.0,1020000000.0,0.0,0.0,0.0,695200.0,4140300.0,5321300.0,779500.0,2019-12-31,2019-12-31,2019-12-31
317,CCL-B.TO,"04/22/2020, 04:23:54",41.23,166800000.0,7370000000.0,9410000000.0,1020000000.0,0.0,0.0,0.0,695200.0,4140300.0,5321300.0,779500.0,2019-12-31,2019-12-31,2019-12-31
318,CCM.TO,"04/22/2020, 04:24:09",0.05,242660000.0,12130000.0,10180000.0,0.0,0.0,0.0,0.0,2027.0,393.0,0.0,-813.0,2019-12-31,2019-12-31,2019-12-31
319,CCO.TO,"04/22/2020, 04:24:25",13.36,395800000.0,5290000000.0,5360000000.0,522820000.00000006,0.0,0.0,0.0,1062431.0,2432285.0,1862925.0,527024.0,2019-12-31,2019-12-31,2019-12-31
320,CCS-PR-C.TO,"04/22/2020, 04:24:42",0,0,0,0,0,0,0,0,0.0,0.0,0.0,0.0,Null,Null,Null
321,CCX.TO,"04/22/2020, 04:24:58",5.45,0,0,0,0,0,0,0,0.0,0.0,0.0,0.0,Null,Null,Null
322,CDAY.TO,"04/22/2020, 04:25:13",71.35,144840000.0,10250000000.0,10760000000.0,121500000.0,0.0,0.0,0.0,3485400.0,4203400.0,824100.0,50600.0,2019-12-31,2019-12-31,2019-12-31
323,CDD-UN.TO,"04/22/2020, 04:25:28",4.34,0.0,1660000.0,0.0,0,0,0,0,363.0,1003.0,583.0,170.0,2019-12-31,2019-12-31,2019-12-31
324,CDV.TO,"04/22/2020, 04:25:45",0.34,494020000.0,156390000.0,172910000.0,0,0,0,0.0,18735.0,38976.0,0.0,0.0,2019-06-30,2019-06-30,2019-06-30
325,CDZ.TO,"04/22/2020, 04:26:01",20.49,0,0,0,0,0,0,0,0.0,0.0,0.0,0.0,Null,Null,Null
326,CEE.TO,"04/22/2020, 04:26:16",2.51,1160000000.0,2800000000.0,2610000000.0,288480000.0,0.0,0,0.0,282627.0,61152.0,603248.0,223404.0,2018-12-31,2018-12-31,2018-12-31
327,CEF.TO,"04/22/2020, 04:26:31",21.62,0,6810000000.0,0.0,0,0,0,0,0.0,1157.0,428124.0,-20029.0,2019-12-31,2019-12-31,2019-12-31
328,CEF-U.TO,"04/22/2020, 04:26:48",15.26,0,0,0.0,0,0,0,0,0.0,0.0,0.0,0.0,Null,ttm,ttm
329,CERV.TO,"04/22/2020, 04:27:03",5.81,15350000.0,89180000.0,403440000.0,13190000.0,0.0,0.0,0.0,7946.0,388585.0,1139034.0,27071.0,2019-12-31,2019-12-31,2019-12-31
330,CET.TO,"04/22/2020, 04:27:18",0.1,49470000.0,4950000.0,23990000.0,-6550000.0,0.0,0.0,0.0,7223.0,38208.0,120276.0,4785.0,2019-12-31,2019-12-31,2019-12-31
331,CEU.TO,"04/22/2020, 04:27:34",0.82,261779999.99999997,214660000.0,622290000.0,146640000.0,0.0,0.0,0.0,0.0,540462.0,1277257.0,187304.0,2019-12-31,2019-12-31,2019-12-31
332,CEW.TO,"04/22/2020, 04:27:49",9.45,0,0,0,0,0,0,0,0.0,0.0,0.0,0.0,Null,Null,Null
333,CF.TO,"04/22/2020, 04:28:05",4.91,94410000.0,463580000.0,-456250000.0,0,0,0.0,0.0,1511238.0,3870934.0,1190567.0,42148.0,2019-03-31,2019-03-31,2019-03-31
334,CF-DB-A.TO,"04/22/2020, 04:28:21",0,0,0,0,0,0,0,0,0.0,0.0,0.0,0.0,Null,Null,Null
335,CF-PR-A.TO,"04/22/2020, 04:28:37",0,0,0,0,0,0,0,0,0.0,0.0,0.0,0.0,Null,Null,Null
336,CF-PR-C.TO,"04/22/2020, 04:28:53",0,0,0,0,0,0,0,0,0.0,0.0,0.0,0.0,Null,Null,Null
337,CFF.TO,"04/22/2020, 04:29:09",0.45,46920000.0,21120000.0,277180000.0,-24540000.0,0.0,0.0,0.0,919.0,336872.0,157404.0,42899.0,2019-12-31,2019-12-31,2019-12-31
338,CFLX.TO,"04/22/2020, 04:29:26",17.31,0,0,0,0,0,0,0,0.0,0.0,0.0,0.0,Null,Null,Null
339,CFP.TO,"04/22/2020, 04:29:42",7.42,125220000.0,929120000.0,2440000000.0,66599999.99999999,0.0,0.0,0.0,60100.0,2458100.0,4658300.0,200700.0,2019-12-31,2019-12-31,2019-12-31
340,CFW.TO,"04/22/2020, 04:29:57",0.215,145150000.0,31210000.0,995530000.0,128030000.0,0.0,0.0,0.0,42562.0,1157299.0,1620955.0,132024.0,2019-12-31,2019-12-31,2019-12-31
341,CFX.TO,"04/22/2020, 04:30:14",5.5,65230000.00000001,358780000.0,419680000.0,58200000.0,0.0,0.0,0.0,6000.0,362500.0,1087900.0,59400.0,2019-12-31,2019-12-31,2019-12-31
342,CG.TO,"04/22/2020, 04:30:29",9.96,293650000.0,2930000000.0,3000000000.0,407300000.0,0.0,0.0,0.0,42717.0,635809.0,1375328.0,334149.0,2019-12-31,2019-12-31,2019-12-31
343,CGAA.TO,"04/22/2020, 04:30:45",19.57,0,0,0,0,0,0,0,0.0,0.0,0.0,0.0,Null,Null,Null
344,CGG.TO,"04/22/2020, 04:31:00",0.71,396410000.0,281450000.0,1370000000.0,167870000.0,0.0,0.0,0.0,182290.0,1746463.0,657459.0,158312.0,2019-12-31,2019-12-31,2019-12-31
345,CGI.TO,"04/22/2020, 04:31:15",21.23,0,442880000.0,0.0,0,0,0,0,0.0,176681.0,193076.0,-50344.0,2019-12-31,2019-12-31,2019-12-31
346,CGI-PR-D.TO,"04/22/2020, 04:31:32",0,0,0,0,0,0,0,0,0.0,0.0,0.0,0.0,Null,Null,Null
347,CGL.TO,"04/22/2020, 04:31:49",14.12,0,0,0,0,0,0,0,0.0,0.0,0.0,0.0,Null,Null,Null
348,CGL-C.TO,"04/22/2020, 04:32:04",20.72,0,0,0,0,0,0,0,0.0,0.0,0.0,0.0,Null,Null,Null
349,CGO.TO,"04/22/2020, 04:32:19",84.2,14400000.0,1350000000.0,6300000000.0,1140000000.0,0.0,0.0,0.0,559393.0,4501158.0,2444062.0,890077.0,2019-08-31,2019-08-31,2019-08-31
350,CGR.TO,"04/22/2020, 04:32:36",26.62,0,0,0,0,0,0,0,0.0,0.0,0.0,0.0,Null,Null,Null
351,CGT.TO,"04/22/2020, 04:32:51",0.15,195920000.0,29390000.0,27010000.0,-2110000.0,0.0,0.0,0.0,1214.0,276.0,0.0,-2323.0,2019-09-30,2019-09-30,2019-09-30
352,CGX.TO,"04/22/2020, 04:33:06",14.12,63330000.0,894260000.0,2870000000.0,261380000.0,0.0,0.0,0.0,25242.0,1177438.0,1614823.0,208655.0,2018-12-31,2018-12-31,2018-12-31
353,CGXF.TO,"04/22/2020, 04:33:24",13.13,0,0,0,0,0,0,0,0.0,0.0,0.0,0.0,Null,Null,Null
354,CGY.TO,"04/22/2020, 04:33:39",42.87,9540000.0,408950000.0,378630000.0,28790000.0,0.0,0.0,0.0,17135.0,79952.0,343044.0,13533.0,2019-09-30,2019-09-30,2019-09-30
355,CHB.TO,"04/22/2020, 04:33:55",16.0,0,0,0,0,0,0,0,0.0,0.0,0.0,0.0,Null,Null,Null
356,CHE-DB-B.TO,"04/22/2020, 04:34:10",0,0,0,0,0,0,0,0,0.0,0.0,0.0,0.0,Null,Null,Null
357,CHE-DB-C.TO,"04/22/2020, 04:34:24",0,0,0,0,0,0,0,0,0.0,0.0,0.0,0.0,Null,Null,Null
358,CHE-DB-D.TO,"04/22/2020, 04:34:40",0,0,0,0,0,0,0,0,0.0,0.0,0.0,0.0,Null,Null,Null
359,CHE-DB-E.TO,"04/22/2020, 04:34:55",0,0,0,0,0,0,0,0,0.0,0.0,0.0,0.0,Null,Null,Null
360,CHE-UN.TO,"04/22/2020, 04:35:10",4.92,92600000.0,455600000.0,1980000000.0,275540000.0,0.0,0.0,0.0,13466.0,2019497.0,1532855.0,139477.0,2019-12-31,2019-12-31,2019-12-31
361,CHH.TO,"04/22/2020, 04:35:25",0.18,295150000.0,53130000.0,119280000.0,5710000.0,0.0,0,0.0,61.0,107044.0,124626.0,6355.0,2019-12-31,2019-12-31,2019-12-31
362,CHNA-B.TO,"04/22/2020, 04:35:41",27.1,0,0,0,0,0,0,0,0.0,0.0,0.0,0.0,Null,Null,Null
363,CHP-UN.TO,"04/22/2020, 04:35:56",12.61,310290000.0,3910000000.0,15850000000.0,932740000.0,0.0,0.0,0.0,41990.0,12478177.0,1288554.0,580556.0,2019-12-31,2019-12-31,2019-12-31
364,CHR.TO,"04/22/2020, 04:36:12",2.89,160450000.0,463700000.0,2230000000.0,335930000.0,0.0,0.0,0.0,87167.0,2340701.0,1366447.0,261707.0,2019-12-31,2019-12-31,2019-12-31
365,CHR-DB-A.TO,"04/22/2020, 04:36:28",0,0,0,0,0,0,0,0,0.0,0.0,0.0,0.0,Null,Null,Null
366,CHW.TO,"04/22/2020, 04:36:43",3.86,16250000.0,62720000.0,782480000.0,0,0,0.0,0.0,0.0,770234.0,92280.0,-109091.0,2019-12-31,2019-12-31,2019-12-31
367,CIA.TO,"04/22/2020, 04:36:58",1.63,445180000.0,701020000.0,763840000.0,373680000.0,0.0,0.0,0.0,153331.0,456295.0,655129.0,176698.0,2019-03-31,2019-03-31,2019-03-31
368,CIC.TO,"04/22/2020, 04:37:14",8.32,0,0,0,0,0,0,0,0.0,0.0,0.0,0.0,Null,Null,Null
369,CIF.TO,"04/22/2020, 04:37:31",22.07,0,0,0,0,0,0,0,0.0,0.0,0.0,0.0,Null,Null,Null
370,CIGI.TO,"04/22/2020, 04:37:46",72.87,38380000.0,2900000000.0,4070000000.0000005,341390000.0,0.0,0.0,0.0,127643.0,2375415.0,3045811.0,310758.0,2019-12-31,2019-12-31,2019-12-31
371,CIQ-UN.TO,"04/22/2020, 04:38:01",5.49,1890000.0,10360000.0,0.0,0,0,0,0,0.0,159.0,2898.0,2417.0,2019-12-31,2019-12-31,2019-12-31
372,CIU-PR-A.TO,"04/22/2020, 04:38:16",0,0,0,0,0,0,0,0,0.0,0.0,0.0,0.0,Null,Null,Null
373,CIU-PR-C.TO,"04/22/2020, 04:38:32",0,0,0,0,0,0,0,0,0.0,0.0,0.0,0.0,Null,Null,Null
374,CIX.TO,"04/22/2020, 04:38:48",13.88,220000000.0,3050000000.0,4480000000.0,848820000.0,0.0,0.0,0.0,256772.0,2868450.0,2119227.0,558009.0,2019-12-31,2019-12-31,2019-12-31
375,CJ.TO,"04/22/2020, 04:39:03",0.47,112690000.0,52970000.0,273070000.0,109670000.0,0.0,0.0,0.0,0.0,411925.0,391601.0,119979.0,2019-12-31,2019-12-31,2019-12-31
376,CJ-DB.TO,"04/22/2020, 04:39:19",0,0,0,0,0,0,0,0,0.0,0.0,0.0,0.0,Null,Null,Null
377,CJR-B.TO,"04/22/2020, 04:39:35",2.79,204700000.0,580650000.0,2510000000.0,615220000.0,0.0,0.0,0.0,82568.0,2930062.0,1687482.0,343553.0,2019-08-31,2019-08-31,2019-08-31
378,CJT.TO,"04/22/2020, 04:39:50",117.81,15580000.0,1830000000.0,2470000000.0,129300000.00000001,0.0,0.0,0.0,1600.0,822100.0,486600.0,151000.0,2019-12-31,2019-12-31,2019-12-31
379,CJT-DB-D.TO,"04/22/2020, 04:40:05",0,0,0,0,0,0,0,0,0.0,0.0,0.0,0.0,Null,Null,Null
380,CJT-DB-E.TO,"04/22/2020, 04:40:20",0,0,0,0,0,0,0,0,0.0,0.0,0.0,0.0,Null,Null,Null
381,CKE.TO,"04/22/2020, 04:40:36",0.065,223680000.0,14540000.0,21720000.0,-2610000.0,0.0,0.0,0.0,0.0,47889.0,18300.0,-3634.0,2019-12-31,2019-12-31,2019-12-31
382,CKI.TO,"04/22/2020, 04:40:51",5.47,16219999.999999998,88700000.0,109280000.0,31380000.0,0.0,0.0,0.0,0.0,151605.0,112884.0,11473.0,2019-12-31,2019-12-31,2019-12-31
383,CKI-DB.TO,"04/22/2020, 04:41:05",95.5,0,0,0.0,0,0,0,0,0.0,0.0,0.0,0.0,Null,ttm,ttm
384,CLF.TO,"04/22/2020, 04:41:21",18.34,0,0,0,0,0,0,0,0.0,0.0,0.0,0.0,Null,Null,Null
385,CLG.TO,"04/22/2020, 04:41:38",19.22,0,0,0,0,0,0,0,0.0,0.0,0.0,0.0,Null,Null,Null
386,CLIQ.TO,"04/22/2020, 04:41:52",2.43,40050000.0,97320000.0,476460000.0,18680000.0,0.0,0.0,0.0,11707.0,435121.0,801742.0,6214.0,2019-12-31,2019-12-31,2019-12-31
387,CLIQ-DB.TO,"04/22/2020, 04:42:08",0,0,0,0,0,0,0,0,0.0,0.0,0.0,0.0,Null,Null,Null
388,CLQ.TO,"04/22/2020, 04:42:23",0.175,746460000.0,126360000.0,131090000.0,0,0,0.0,0,78871.0,12991.0,3816.0,0.0,2019-06-30,2019-06-30,2019-06-30
389,CLR.TO,"04/22/2020, 04:42:38",4.96,65060000.0,323040000.0,760620000.0,104930000.0,0.0,0.0,0.0,32368.0,530049.0,616244.0,63731.0,2019-12-31,2019-12-31,2019-12-31
390,CLS.TO,"04/22/2020, 04:42:55",6.31,109820000.0,814320000.0,1050000000.0,193200000.0,0.0,0.0,0.0,479500.0,2204500.0,5888300.0,345000.0,2019-12-31,2019-12-31,2019-12-31
391,CM.TO,"04/22/2020, 04:43:10",77.8,445070000.0,34630000000.0,-28290000000.0,0,0,0,0.0,0.0,613024000.0,18519000.0,18635000.0,2019-10-31,2019-10-31,2019-10-31
392,CM-PR-O.TO,"04/22/2020, 04:43:25",0,0,0,0,0,0,0,0,0.0,0.0,0.0,0.0,Null,Null,Null
393,CM-PR-P.TO,"04/22/2020, 04:43:42",0,0,0,0,0,0,0,0,0.0,0.0,0.0,0.0,Null,Null,Null
394,CM-PR-Q.TO,"04/22/2020, 04:43:58",0,0,0,0,0,0,0,0,0.0,0.0,0.0,0.0,Null,Null,Null
395,CM-PR-R.TO,"04/22/2020, 04:44:14",0,0,0,0,0,0,0,0,0.0,0.0,0.0,0.0,Null,Null,Null
396,CM-PR-S.TO,"04/22/2020, 04:44:31",0,0,0,0,0,0,0,0,0.0,0.0,0.0,0.0,Null,Null,Null
397,CM-PR-T.TO,"04/22/2020, 04:44:45",0,0,0,0,0,0,0,0,0.0,0.0,0.0,0.0,Null,Null,Null
398,CM-PR-Y.TO,"04/22/2020, 04:45:01",0,0,0,0,0,0,0,0,0.0,0.0,0.0,0.0,Null,Null,Null
399,CMAG.TO,"04/22/2020, 04:45:16",19.98,0,0,0,0,0,0,0,0.0,0.0,0.0,0.0,Null,Null,Null
400,CMAR.TO,"04/22/2020, 04:45:32",20.85,0,0,0,0,0,0,0,0.0,0.0,0.0,0.0,Null,Null,Null
401,CMAR-U.TO,"04/22/2020, 04:45:48",20.88,0,0,0,0,0,0,0,0.0,0.0,0.0,0.0,Null,Null,Null
402,CMCE.TO,"04/22/2020, 04:46:04",18.51,0,0,0,0,0,0,0,0.0,0.0,0.0,0.0,Null,Null,Null
403,CMG.TO,"04/22/2020, 04:46:19",4.67,80250000.0,374760000.0,390230000.0,34660000.0,0.0,0.0,0.0,54290.0,43050.0,74857.0,23386.0,2019-03-31,2019-03-31,2019-03-31
404,CMMC.TO,"04/22/2020, 04:46:35",0.41,191330000.0,78450000.0,363210000.0,38990000.0,0.0,0.0,0.0,32126.0,415940.0,310408.0,51232.0,2019-12-31,2019-12-31,2019-12-31
405,CMR.TO,"04/22/2020, 04:46:54",50.04,0,0,0,0,0,0,0,0.0,0.0,0.0,0.0,Null,Null,Null
406,CMUE.TO,"04/22/2020, 04:47:10",21.43,0,0,0,0,0,0,0,0.0,0.0,0.0,0.0,Null,Null,Null
407,CMUE-F.TO,"04/22/2020, 04:47:25",19.66,0,0,0,0,0,0,0,0.0,0.0,0.0,0.0,Null,Null,Null
408,CNE.TO,"04/22/2020, 04:47:41",3.5,181010000.0,633520000.0,969230000.0,158230000.0,0.0,0.0,0.0,41239.0,511316.0,242079.0,108350.0,2019-12-31,2019-12-31,2019-12-31
409,CNQ.TO,"04/22/2020, 04:47:56",17.6,1180000000.0,20780000000.0,42950000000.0,11020000000.0,0.0,0.0,0.0,629000.0,43130000.0,24394000.0,8829000.0,2019-12-31,2019-12-31,2019-12-31
410,CNR.TO,"04/22/2020, 04:48:12",107.7,712020000.0,76680000000.0,92850000000.0,7510000000.0,0.0,0.0,0.0,64000.0,25743000.0,14917000.0,5923000.0,2019-12-31,2019-12-31,2019-12-31
411,CNT.TO,"04/22/2020, 04:48:27",0.065,98500000.0,6400000.0,1460000.0,-4630000.0,0.0,0.0,0.0,8135.0,1756.0,6084.0,-5033.0,2019-03-31,2019-03-31,2019-03-31
412,CNU.TO,"04/22/2020, 04:48:42",147.06,446480000.0,67319999999.99999,65660000000.0,0,0,0.0,0.0,165047000.0,309505000.0,238661000.0,123521000.0,2019-12-31,2019-12-31,2019-12-31
413,COG.TO,"04/22/2020, 04:48:59",0.485,95160000.0,42580000.0,45910000.0,0,0,0,0.0,2904.0,757.0,0.0,-768.0,2019-12-31,2019-12-31,2019-12-31
414,COMM.TO,"04/22/2020, 04:49:14",22.84,0,0,0,0,0,0,0,0.0,0.0,0.0,0.0,Null,Null,Null
415,COP.TO,"04/22/2020, 04:49:29",0.045,1610000000.0,72400000.0,81010000.0,-10220000.0,0.0,0.0,0.0,9865.0,26534.0,0.0,-10653.0,2019-12-31,2019-12-31,2019-12-31
416,CORP.TO,"04/22/2020, 04:49:48",18.5,0,0,0,0,0,0,0,0.0,0.0,0.0,0.0,Null,Null,Null
417,CORV.TO,"04/22/2020, 04:50:05",0.56,66190000.0,37070000.0,70970000.0,-23510000.0,0.0,0,0.0,13299.0,59727.0,32634.0,-27075.0,2019-12-31,2019-12-31,2019-12-31
418,COW.TO,"04/22/2020, 04:50:22",33.19,0,0,0,0,0,0,0,0.0,0.0,0.0,0.0,Null,Null,Null
419,CP.TO,"04/22/2020, 04:50:38",305.5,136750000.0,41780000000.0,50750000000.0,4170000000.0,0.0,0.0,0.0,133000.0,15298000.0,7792000.0,2990000.0,2019-12-31,2019-12-31,2019-12-31
420,CPD.TO,"04/22/2020, 04:50:53",9.93,0,0,0,0,0,0,0,0.0,0.0,0.0,0.0,Null,Null,Null
421,CPG.TO,"04/22/2020, 04:51:09",1.32,527720000.0,696590000.0,3700000000.0,1810000000.0,0.0,0.0,0.0,56900.0,4749100.0,2877100.0,1742900.0,2019-12-31,2019-12-31,2019-12-31
422,CPH.TO,"04/22/2020, 04:51:23",0.82,26990000.0,22130000.0,25370000.0,12540000.0,0.0,0.0,0.0,6346.0,18444.0,22451.0,8860.0,2019-12-31,2019-12-31,2019-12-31
423,CPI.TO,"04/22/2020, 04:51:39",0.45,44170000.0,19870000.0,24720000.0,-4360000.0,0.0,0.0,0.0,2935.0,22732.0,5169.0,2093.0,2019-12-31,2019-12-31,2019-12-31
424,CPX.TO,"04/22/2020, 04:51:54",26.32,106820000.0,2780000000.0,7250000000.0,1120000000.0,0.0,0.0,0.0,248000.0,5529000.0,1713000.0,720000.0,2019-12-31,2019-12-31,2019-12-31
425,CPX-PR-A.TO,"04/22/2020, 04:52:09",0,0,0,0,0,0,0,0,0.0,0.0,0.0,0.0,Null,Null,Null
426,CPX-PR-C.TO,"04/22/2020, 04:52:25",0,0,0,0,0,0,0,0,0.0,0.0,0.0,0.0,Null,Null,Null
427,CPX-PR-E.TO,"04/22/2020, 04:52:40",0,0,0,0,0,0,0,0,0.0,0.0,0.0,0.0,Null,Null,Null
428,CPX-PR-G.TO,"04/22/2020, 04:52:56",0,0,0,0,0,0,0,0,0.0,0.0,0.0,0.0,Null,Null,Null
429,CPX-PR-I.TO,"04/22/2020, 04:53:13",0,0,0,0,0,0,0,0,0.0,0.0,0.0,0.0,Null,Null,Null
430,CPX-PR-K.TO,"04/22/2020, 04:53:28",0,0,0,0,0,0,0,0,0.0,0.0,0.0,0.0,Null,Null,Null
431,CQE.TO,"04/22/2020, 04:53:43",0.1,41780000.0,4179999.9999999995,51920000.0,10380000.0,0.0,0.0,0.0,1738.0,112644.0,53066.0,6561.0,2019-12-31,2019-12-31,2019-12-31
432,CR.TO,"04/22/2020, 04:53:58",0.19,151530000.0,28790000.0,379700000.0,94990000.0,0.0,0.0,0.0,0.0,537989.0,190522.0,81395.0,2019-12-31,2019-12-31,2019-12-31
433,CRDL.TO,"04/22/2020, 04:54:13",2.5,25880000.0,64690000.0,57930000.0,-11770000.0,0.0,0.0,0.0,16732.0,2411.0,0.0,-10894.0,2018-12-31,2018-12-31,2018-12-31
434,CRDL-WT.TO,"04/22/2020, 04:54:29",0,0,0,0,0,0,0,0,0.0,0.0,0.0,0.0,Null,Null,Null
435,CRED.TO,"04/22/2020, 04:54:45",18.54,0,0,0,0,0,0,0,0.0,0.0,0.0,0.0,Null,Null,Null
436,CRED-U.TO,"04/22/2020, 04:55:01",18.17,0,0,0,0,0,0,0,0.0,0.0,0.0,0.0,Null,Null,Null
437,CRH.TO,"04/22/2020, 04:55:16",2.75,71600000.0,196910000.0,314030000.0,50730000.0,0.0,0.0,0.0,6569.0,78880.0,120385.0,45006.0,2019-12-31,2019-12-31,2019-12-31
438,CRON.TO,"04/22/2020, 04:55:31",8.44,348820000.0,2940000000.0,1440000000.0,-115670000.0,0.0,0.0,0.0,1506040.0,341412.0,23750.0,-130007.0,2019-12-31,2019-12-31,2019-12-31
439,CRP.TO,"04/22/2020, 04:55:47",3.07,30740000.0,94370000.0,178190000.0,12350000.0,0.0,0.0,0.0,2655.0,82200.0,438396.0,-24254.0,2019-06-30,2019-06-30,2019-06-30
440,CRR-UN.TO,"04/22/2020, 04:56:03",12.71,93380000.0,2009999999.9999998,4300000000.0,256579999.99999997,0.0,0.0,0.0,0.0,2466171.0,398741.0,-35869.0,2019-12-31,2019-12-31,2019-12-31
441,CRT-UN.TO,"04/22/2020, 04:56:18",12.61,103930000.0,2880000000.0,7370000000.0,0,0,0.0,0.0,9734.0,2690407.0,489013.0,362328.0,2019-12-31,2019-12-31,2019-12-31
442,CRWN.TO,"04/22/2020, 04:56:33",4.94,9430000.0,46590000.0,145610000.0,11720000.0,0.0,0.0,0.0,0.0,202175.0,22973.0,13662.0,2019-12-31,2019-12-31,2019-12-31
443,CRWN-DB.TO,"04/22/2020, 04:56:49",0,0,0,0,0,0,0,0,0.0,0.0,0.0,0.0,Null,Null,Null
444,CS.TO,"04/22/2020, 04:57:05",0.415,400050000.0,166020000.0,444850000.0,80860000.0,0.0,0.0,0.0,44488.0,459992.0,418663.0,92884.0,2019-12-31,2019-12-31,2019-12-31
445,CSAV.TO,"04/22/2020, 04:57:22",50.03,0,0,0,0,0,0,0,0.0,0.0,0.0,0.0,Null,Null,Null
446,CSD.TO,"04/22/2020, 04:57:39",16.35,0,0,0,0,0,0,0,0.0,0.0,0.0,0.0,Null,Null,Null
447,CSE-PR-A.TO,"04/22/2020, 04:57:54",0,0,0,0,0,0,0,0,0.0,0.0,0.0,0.0,Null,Null,Null
448,CSH-UN.TO,"04/22/2020, 04:58:09",8.59,213060000.0,1830000000.0,4260000000.0,281560000.0,0.0,0.0,0.0,22890.0,2656827.0,910805.0,196548.0,2019-12-31,2019-12-31,2019-12-31
449,CSM.TO,"04/22/2020, 04:58:25",0.03,109990000.0,3300000.0,357180000.0,15510000.0,0.0,0,0.0,7109.0,281011.0,464252.0,-20171.0,2019-12-31,2019-12-31,2019-12-31
450,CSU.TO,"04/22/2020, 04:58:41",1324.71,21190000.0,28070000000.0,28490000000.0,654000000.0,0.0,0.0,0.0,588600.0,2069300.0,3060100.0,662000.0,2018-12-31,2018-12-31,2018-12-31
451,CSU-DB.TO,"04/22/2020, 04:58:56",0,0,0,0,0,0,0,0,0.0,0.0,0.0,0.0,Null,Null,Null
452,CSW-A.TO,"04/22/2020, 04:59:12",15.62,24270000.0,434870000.0,382570000.0,44060000.0,0.0,0.0,0.0,61136.0,49234.0,149938.0,34000.0,2019-06-30,2019-06-30,2019-06-30
453,CSW-B.TO,"04/22/2020, 04:59:28",13.28,4190000.0000000005,434870000.0,315950000.0,44060000.0,0.0,0.0,0.0,61136.0,49234.0,149938.0,34000.0,2019-06-30,2019-06-30,2019-06-30
454,CSY.TO,"04/22/2020, 04:59:44",16.61,0,0,0,0,0,0,0,0.0,0.0,0.0,0.0,Null,Null,Null
455,CTC.TO,"04/22/2020, 05:00:00",200.01,3420000.0,6000000000.0,22840000000.0,1770000000.0,0.0,0.0,0.0,633700.0,11871800.0,14058700.0,807400.0,2018-12-31,2018-12-31,2018-12-31
456,CTC-A.TO,"04/22/2020, 05:00:16",92.07,58180000.0,6000000000.0,16200000000.0,1770000000.0,0.0,0.0,0.0,633700.0,11871800.0,14058700.0,807400.0,2018-12-31,2018-12-31,2018-12-31
457,CTF-UN.TO,"04/22/2020, 05:00:30",2.54,15160000.0,38520000.0,-22390000.0,0,0,0,0.0,0.0,0.0,0.0,0.0,Null,ttm,ttm
458,CTX.TO,"04/22/2020, 05:00:46",0.46,20740000.0,9540000.0,1740000.0,6390000.0,0.0,0.0,0.0,9268.0,5729.0,22337.0,5306.0,2019-12-31,2019-12-31,2019-12-31
459,CU.TO,"04/22/2020, 05:01:02",33.64,199510000.0,9290000000.0,18890000000.0,1810000000.0,0.0,0.0,0.0,973000.0,13123000.0,3905000.0,1358000.0,2019-12-31,2019-12-31,2019-12-31
460,CU-PR-C.TO,"04/22/2020, 05:01:17",0,0,0,0,0,0,0,0,0.0,0.0,0.0,0.0,Null,Null,Null
461,CU-PR-D.TO,"04/22/2020, 05:01:33",0,0,0,0,0,0,0,0,0.0,0.0,0.0,0.0,Null,Null,Null
462,CU-PR-E.TO,"04/22/2020, 05:01:48",0,0,0,0,0,0,0,0,0.0,0.0,0.0,0.0,Null,Null,Null
463,CU-PR-F.TO,"04/22/2020, 05:02:04",0,0,0,0,0,0,0,0,0.0,0.0,0.0,0.0,Null,Null,Null
464,CU-PR-G.TO,"04/22/2020, 05:02:19",0,0,0,0,0,0,0,0,0.0,0.0,0.0,0.0,Null,Null,Null
465,CU-PR-H.TO,"04/22/2020, 05:02:35",0,0,0,0,0,0,0,0,0.0,0.0,0.0,0.0,Null,Null,Null
466,CU-PR-I.TO,"04/22/2020, 05:02:50",0,0,0,0,0,0,0,0,0.0,0.0,0.0,0.0,Null,Null,Null
467,CU-X.TO,"04/22/2020, 05:03:06",35.0,73720000.0,9290000000.0,19260000000.0,1810000000.0,0.0,0.0,0.0,973000.0,13123000.0,3905000.0,1358000.0,2019-12-31,2019-12-31,2019-12-31
468,CUD.TO,"04/22/2020, 05:03:22",34.96,0,0,0,0,0,0,0,0.0,0.0,0.0,0.0,Null,Null,Null
469,CUF-UN.TO,"04/22/2020, 05:03:37",8.19,182110000.0,1490000000.0,4960000000.0,350590000.0,0.0,0.0,0.0,152634.0,3741619.0,704041.0,191868.0,2019-12-31,2019-12-31,2019-12-31
470,CUP-U.TO,"04/22/2020, 05:03:53",14.0,33420000.0,472170000.0,767690000.0,65780000.0,0.0,0.0,0.0,23662.0,362475.0,203246.0,62114.0,2019-12-31,2019-12-31,2019-12-31
471,CVD.TO,"04/22/2020, 05:04:11",16.25,0,0,0,0,0,0,0,0.0,0.0,0.0,0.0,Null,Null,Null
472,CVE.TO,"04/22/2020, 05:04:26",3.73,1230000000.0,4580000000.0,13010000000.0,3810000000.0,0.0,0.0,0.0,186000.0,16512000.0,21353000.0,3285000.0,2019-12-31,2019-12-31,2019-12-31
473,CVG.TO,"04/22/2020, 05:04:42",46.0,15100000.0,694480000.0,347250000.0,139730000.0,0.0,0.0,0.0,0.0,132561.0,169925.0,207141.0,2019-03-31,2019-03-31,2019-03-31
474,CWB.TO,"04/22/2020, 05:04:57",18.81,87280000.0,1640000000.0,2020000000.0,0,0,0,0.0,0.0,28476553.0,861604.0,19988.0,2019-10-31,2019-10-31,2019-10-31
475,CWB-PR-B.TO,"04/22/2020, 05:05:14",0,0,0,0,0,0,0,0,0.0,0.0,0.0,0.0,Null,Null,Null
476,CWB-PR-C.TO,"04/22/2020, 05:05:30",0,0,0,0,0,0,0,0,0.0,0.0,0.0,0.0,Null,Null,Null
477,CWB-PR-D.TO,"04/22/2020, 05:05:46",0,0,0,0,0,0,0,0,0.0,0.0,0.0,0.0,Null,Null,Null
478,CWEB.TO,"04/22/2020, 05:06:01",5.84,71450000.0,633240000.0,589910000.0,-23450000.0,0.0,0.0,0.0,68553.0,69244.0,94594.0,-33476.0,2019-12-31,2019-12-31,2019-12-31
479,CWEB-WT.TO,"04/22/2020, 05:06:16",0.35,0,0,0.0,0,0,0,0,0.0,0.0,0.0,0.0,Null,ttm,ttm
480,CWL.TO,"04/22/2020, 05:06:31",0.78,20400000.0,15920000.0,10980000.0,4170000.0,0.0,0.0,0.0,16455.0,26763.0,72138.0,41.0,2019-08-31,2019-08-31,2019-08-31
481,CWW.TO,"04/22/2020, 05:06:47",35.92,0,0,0,0,0,0,0,0.0,0.0,0.0,0.0,Null,Null,Null
482,CWX.TO,"04/22/2020, 05:07:04",3.22,77770000.0,250400000.0,684180000.0,64640000.0,0.0,0.0,0.0,0.0,567649.0,1334201.0,67902.0,2019-12-31,2019-12-31,2019-12-31
483,CWX-NT-A.TO,"04/22/2020, 05:07:20",0,0,0,0,0,0,0,0,0.0,0.0,0.0,0.0,Null,Null,Null
484,CXB.TO,"04/22/2020, 05:07:36",0.92,328020000.0,301780000.0,269150000.0,10840000.0,0.0,0.0,0.0,32861.0,110530.0,57763.0,19167.0,2019-12-31,2019-12-31,2019-12-31
485,CXF.TO,"04/22/2020, 05:07:53",8.64,0,0,0,0,0,0,0,0.0,0.0,0.0,0.0,Null,Null,Null
486,CXI.TO,"04/22/2020, 05:08:08",12.75,6410000.0,82950000.0,27170000.0,7000000.0,0.0,0.0,0.0,62874.0,16401.0,41784.0,10952.0,2019-10-31,2019-10-31,2019-10-31
487,CYB.TO,"04/22/2020, 05:08:24",41.0,15690000.0,932510000.0,0.0,0,0,0,0,0.0,47615.0,196017.0,59142.0,2019-12-31,2019-12-31,2019-12-31
488,CYBR.TO,"04/22/2020, 05:08:42",28.03,0,0,0,0,0,0,0,0.0,0.0,0.0,0.0,Null,Null,Null
489,CYBR-B.TO,"04/22/2020, 05:08:59",34.56,0,0,0,0,0,0,0,0.0,0.0,0.0,0.0,Null,Null,Null
490,CYBR-U.TO,"04/22/2020, 05:09:16",32.56,0,0,0,0,0,0,0,0.0,0.0,0.0,0.0,Null,Null,Null
491,CYH.TO,"04/22/2020, 05:09:32",14.97,0,0,0,0,0,0,0,0.0,0.0,0.0,0.0,Null,Null,Null
492,D-UN.TO,"04/22/2020, 05:09:48",21.07,56230000.0,1180000000.0,2310000000.0,174220000.0,0.0,0.0,0.0,95410.0,1433421.0,229018.0,69359.0,2019-12-31,2019-12-31,2019-12-31
493,DANC.TO,"04/22/2020, 05:10:04",21.2,0,0,0,0,0,0,0,0.0,0.0,0.0,0.0,Null,Null,Null
494,DBO.TO,"04/22/2020, 05:10:19",0.035,175950000.0,6160000.0,5340000.0,0.0,0.0,0.0,0.0,9635.0,13241.0,34164.0,411.0,2019-03-31,2019-03-31,2019-03-31
495,DC-A.TO,"04/22/2020, 05:10:34",0.97,99980000.0,100000000.0,274800000.0,-36360000.0,0.0,0.0,0.0,26536.0,94335.0,29270.0,-37611.0,2019-12-31,2019-12-31,2019-12-31
496,DC-PR-B.TO,"04/22/2020, 05:10:49",0,0,0,0,0,0,0,0,0.0,0.0,0.0,0.0,Null,Null,Null
497,DC-PR-D.TO,"04/22/2020, 05:11:05",0,0,0,0,0,0,0,0,0.0,0.0,0.0,0.0,Null,Null,Null
498,DCBO.TO,"04/22/2020, 05:11:20",14.95,28450000.0,425390000.0,392520000.0,-8760000.0,0.0,0.0,0.0,46278.0,32479.0,41443.0,-4582.0,2019-12-31,2019-12-31,2019-12-31
499,DCC.TO,"04/22/2020, 05:11:39",19.47,0,0,0,0,0,0,0,0.0,0.0,0.0,0.0,Null,Null,Null
500,DCG.TO,"04/22/2020, 05:11:55",19.69,0,0,0,0,0,0,0,0.0,0.0,0.0,0.0,Null,Null,Null
501,DCM.TO,"04/22/2020, 05:12:09",0.185,43050000.0,7960000.0,152490000.0,12550000.0,0.0,0,0.0,0.0,134719.0,322769.0,0.0,2018-12-31,2018-12-31,2018-12-31
502,DCP.TO,"04/22/2020, 05:12:26",13.99,0,0,0,0,0,0,0,0.0,0.0,0.0,0.0,Null,Null,Null
503,DCS.TO,"04/22/2020, 05:12:42",19.91,0,0,0,0,0,0,0,0.0,0.0,0.0,0.0,Null,Null,Null
504,DCU.TO,"04/22/2020, 05:12:58",21.0,0,0,0,0,0,0,0,0.0,0.0,0.0,0.0,Null,Null,Null
505,DEE.TO,"04/22/2020, 05:13:13",0.35,24020000.0,8410000.0,157100000.0,47460000.0,0.0,0.0,0.0,6832.0,195089.0,112966.0,52616.0,2019-12-31,2019-12-31,2019-12-31
506,DEE-NT.TO,"04/22/2020, 05:13:30",0,0,0,0,0,0,0,0,0.0,0.0,0.0,0.0,Null,Null,Null
507,DEE-WT.TO,"04/22/2020, 05:13:45",0,0,0,0,0,0,0,0,0.0,0.0,0.0,0.0,Null,Null,Null
508,DEE-WT-A.TO,"04/22/2020, 05:14:00",0,0,0,0,0,0,0,0,0.0,0.0,0.0,0.0,Null,Null,Null
509,DF.TO,"04/22/2020, 05:14:16",3.35,16210000.0,54300000.0,0.0,0,0,0,0,0.0,164930.0,34204.0,21102.0,2019-11-30,2019-11-30,2019-11-30
510,DF-PR-A.TO,"04/22/2020, 05:14:31",0,0,0,0,0,0,0,0,0.0,0.0,0.0,0.0,Null,Null,Null
511,DFC.TO,"04/22/2020, 05:14:48",16.83,0,0,0,0,0,0,0,0.0,0.0,0.0,0.0,Null,Null,Null
512,DFD.TO,"04/22/2020, 05:15:05",17.79,0,0,0,0,0,0,0,0.0,0.0,0.0,0.0,Null,Null,Null
513,DFE.TO,"04/22/2020, 05:15:21",14.92,0,0,0,0,0,0,0,0.0,0.0,0.0,0.0,Null,Null,Null
514,DFN.TO,"04/22/2020, 05:15:37",4.82,53500000.0,257890000.0,-185940000.0,0,0,0.0,0.0,0.0,559302.0,120400.0,-25715.0,2019-11-30,2019-11-30,2019-11-30
515,DFN-PR-A.TO,"04/22/2020, 05:15:53",0,0,0,0,0,0,0,0,0.0,0.0,0.0,0.0,Null,Null,Null
516,DFU.TO,"04/22/2020, 05:16:10",22.44,0,0,0,0,0,0,0,0.0,0.0,0.0,0.0,Null,Null,Null
517,DGR.TO,"04/22/2020, 05:16:26",24.36,0,0,0,0,0,0,0,0.0,0.0,0.0,0.0,Null,Null,Null
518,DGR-B.TO,"04/22/2020, 05:16:42",27.43,0,0,0,0,0,0,0,0.0,0.0,0.0,0.0,Null,Null,Null
519,DGRC.TO,"04/22/2020, 05:16:58",23.53,0,0,0,0,0,0,0,0.0,0.0,0.0,0.0,Null,Null,Null
520,DGS.TO,"04/22/2020, 05:17:17",3.2,32729999.999999996,104730000.0,-68740000.0,0,0,0.0,0.0,0.0,332288.0,110326.0,81036.0,2019-12-31,2019-12-31,2019-12-31
521,DGS-PR-A.TO,"04/22/2020, 05:17:33",0,0,0,0,0,0,0,0,0.0,0.0,0.0,0.0,Null,Null,Null
522,DIAM.TO,"04/22/2020, 05:17:48",0.235,428490000.0,100700000.0,93150000.0,-4059999.9999999995,0.0,0.0,0.0,7948.0,1914.0,0.0,-2660.0,2019-12-31,2019-12-31,2019-12-31
523,DII-A.TO,"04/22/2020, 05:18:04",3.39,4190000.0000000005,72200000.0,767920000.0,119830000.0,0.0,0.0,0.0,39141.0,1325940.0,2634646.0,85786.0,2019-12-31,2019-12-31,2019-12-31
524,DII-B.TO,"04/22/2020, 05:18:21",2.05,28290000.0,72200000.0,724380000.0,119830000.0,0.0,0.0,0.0,39141.0,1325940.0,2634646.0,85786.0,2019-12-31,2019-12-31,2019-12-31
525,DIR-UN.TO,"04/22/2020, 05:18:36",9.52,152210000.0,1450000000.0,2020000000.0,123420000.0,0.0,0.0,0.0,441537.0,1333319.0,195331.0,84595.0,2019-12-31,2019-12-31,2019-12-31
526,DISC.TO,"04/22/2020, 05:18:52",21.89,0,0,0,0,0,0,0,0.0,0.0,0.0,0.0,Null,Null,Null
527,DIV.TO,"04/22/2020, 05:19:08",1.58,119920000.0,189480000.0,310930000.0,0,0,0.0,0.0,2968.0,156571.0,30463.0,22959.0,2019-12-31,2019-12-31,2019-12-31
528,DIV-DB.TO,"04/22/2020, 05:19:23",0,0,0,0,0,0,0,0,0.0,0.0,0.0,0.0,Null,Null,Null
529,DIVS.TO,"04/22/2020, 05:19:39",12.34,0,0,0,0,0,0,0,0.0,0.0,0.0,0.0,Null,Null,Null
530,DLR.TO,"04/22/2020, 05:19:56",14.35,0,0,0,0,0,0,0,0.0,0.0,0.0,0.0,Null,Null,Null
531,DLR-U.TO,"04/22/2020, 05:20:13",10.13,0,0,0,0,0,0,0,0.0,0.0,0.0,0.0,Null,Null,Null
532,DML.TO,"04/22/2020, 05:20:29",0.56,626000000.0,350560000.0,345160000.0,-14890000.0,0.0,0.0,0.0,8190.0,89849.0,15549.0,-18801.0,2019-12-31,2019-12-31,2019-12-31
533,DN.TO,"04/22/2020, 05:20:43",0.435,87960000.0,38260000.0,61330000.0,0.0,0.0,0.0,0.0,5847.0,31727.0,31766.0,-12130.0,2019-12-31,2019-12-31,2019-12-31
534,DN-DB.TO,"04/22/2020, 05:20:58",58.0,0,0,0.0,0,0,0,0,0.0,0.0,0.0,0.0,Null,ttm,ttm
535,DN-WT.TO,"04/22/2020, 05:21:14",0.01,0,0,0.0,0,0,0,0,0.0,0.0,0.0,0.0,Null,ttm,ttm
536,DN-WT-A.TO,"04/22/2020, 05:21:31",0,0,0,0,0,0,0,0,0.0,0.0,0.0,0.0,Null,Null,Null
537,DNG.TO,"04/22/2020, 05:21:47",1.52,38790000.0,58960000.0,56540000.0,10430000.0,0.0,0.0,0.0,6743.0,14862.0,102499.0,-5883.0,2019-12-31,2019-12-31,2019-12-31
538,DNT.TO,"04/22/2020, 05:22:03",0.035,216000000.0,7560000.0,7560000.0,0.0,0.0,0.0,0.0,0.0,1357.0,0.0,-113.0,2019-12-31,2019-12-31,2019-12-31
539,DOL.TO,"04/22/2020, 05:22:18",42.79,312220000.0,13270000000.0,16579999999.999998,919450000.0,0.0,0,0.0,90464.0,3808652.0,3787291.0,732508.0,2020-01-31,2020-01-31,2020-01-31
540,DOO.TO,"04/22/2020, 05:22:36",26.02,41410000.0,2270000000.0,4099999999.9999995,758400000.0,0.0,0,0.0,61600.0,4356800.0,6052700.0,555500.0,2020-01-31,2020-01-31,2020-01-31
541,DPM.TO,"04/22/2020, 05:22:53",5.89,180580000.0,1060000000.0,1070000000.0000001,139800000.0,0.0,0.0,0.0,23440.0,191816.0,419062.0,99430.0,2019-12-31,2019-12-31,2019-12-31
542,DQD.TO,"04/22/2020, 05:23:10",26.04,0,0,0,0,0,0,0,0.0,0.0,0.0,0.0,Null,Null,Null
543,DQI.TO,"04/22/2020, 05:23:26",22.52,0,0,0,0,0,0,0,0.0,0.0,0.0,0.0,Null,Null,Null
544,DR.TO,"04/22/2020, 05:23:42",3.9,31110000.0,121310000.0,358570000.0,88110000.0,0.0,0.0,0.0,31986.0,297203.0,398103.0,77375.0,2019-12-31,2019-12-31,2019-12-31
545,DRA-UN.TO,"04/22/2020, 05:23:58",4.73,68760000.0,325250000.0,309900000.0,27300000.0,0.0,0.0,0.0,117787.0,128590.0,31533.0,17219.0,2019-12-31,2019-12-31,2019-12-31
546,DRCU.TO,"04/22/2020, 05:24:16",21.76,0,0,0,0,0,0,0,0.0,0.0,0.0,0.0,Null,Null,Null
547,DRFC.TO,"04/22/2020, 05:24:33",15.64,0,0,0,0,0,0,0,0.0,0.0,0.0,0.0,Null,Null,Null
548,DRFD.TO,"04/22/2020, 05:24:49",17.44,0,0,0,0,0,0,0,0.0,0.0,0.0,0.0,Null,Null,Null
549,DRFE.TO,"04/22/2020, 05:25:07",14.99,0,0,0,0,0,0,0,0.0,0.0,0.0,0.0,Null,Null,Null
550,DRFG.TO,"04/22/2020, 05:25:24",19.25,0,0,0,0,0,0,0,0.0,0.0,0.0,0.0,Null,Null,Null
551,DRFU.TO,"04/22/2020, 05:25:41",19.85,0,0,0,0,0,0,0,0.0,0.0,0.0,0.0,Null,Null,Null
552,DRM.TO,"04/22/2020, 05:25:56",8.5,92210000.0,810220000.0,1160000000.0,308970000.0,0.0,0.0,0.0,388521.0,1601424.0,580430.0,252376.0,2019-12-31,2019-12-31,2019-12-31
553,DRMC.TO,"04/22/2020, 05:26:16",17.1,0,0,0,0,0,0,0,0.0,0.0,0.0,0.0,Null,Null,Null
554,DRMU.TO,"04/22/2020, 05:26:31",22.45,0,0,0,0,0,0,0,0.0,0.0,0.0,0.0,Null,Null,Null
555,DRT.TO,"04/22/2020, 05:26:49",1.42,84680000.0,120250000.0,94480000.0,10950000.0,0.0,0.0,0.0,47174.0,50576.0,247735.0,13359.0,2019-12-31,2019-12-31,2019-12-31
556,DRX.TO,"04/22/2020, 05:27:04",0.82,18290000.0,26760000.0,63590000.0,3890000.0,0.0,0.0,0.0,4164.0,66317.0,135073.0,11675.0,2019-01-31,2019-01-31,2019-01-31
557,DS.TO,"04/22/2020, 05:27:19",5.65,7630000.0,43120000.0,0.0,0,0,0,0,0.0,605.0,8465.0,22199.0,2019-11-30,2019-11-30,2019-11-30
558,DSG.TO,"04/22/2020, 05:27:35",53.93,84160000.0,4540000000.0,4510000000.0,117580000.0,0.0,0.0,0.0,44403.0,120877.0,325791.0,104252.0,2020-01-31,2020-01-31,2020-01-31
559,DXB.TO,"04/22/2020, 05:27:54",21.28,0,0,0,0,0,0,0,0.0,0.0,0.0,0.0,Null,Null,Null
560,DXC.TO,"04/22/2020, 05:28:11",21.6,0,0,0,0,0,0,0,0.0,0.0,0.0,0.0,Null,Null,Null
561,DXF.TO,"04/22/2020, 05:28:29",25.23,0,0,0,0,0,0,0,0.0,0.0,0.0,0.0,Null,Null,Null
562,DXG.TO,"04/22/2020, 05:28:47",36.48,0,0,0,0,0,0,0,0.0,0.0,0.0,0.0,Null,Null,Null
563,DXI.TO,"04/22/2020, 05:29:03",0.01,220950000.0,2210000.0,4920000.0,-1150000.0,0.0,0,0.0,26.0,11348.0,1951.0,-891.0,2018-12-31,2018-12-31,2018-12-31
564,DXM.TO,"04/22/2020, 05:29:21",8.19,0,0,0,0,0,0,0,0.0,0.0,0.0,0.0,Null,Null,Null
565,DXN.TO,"04/22/2020, 05:29:37",15.85,0,0,0,0,0,0,0,0.0,0.0,0.0,0.0,Null,Null,Null
566,DXO.TO,"04/22/2020, 05:29:56",19.91,0,0,0,0,0,0,0,0.0,0.0,0.0,0.0,Null,Null,Null
567,DXP.TO,"04/22/2020, 05:30:11",14.95,0,0,0,0,0,0,0,0.0,0.0,0.0,0.0,Null,Null,Null
568,DXU.TO,"04/22/2020, 05:30:26",33.67,0,0,0,0,0,0,0,0.0,0.0,0.0,0.0,Null,Null,Null
569,DXV.TO,"04/22/2020, 05:30:44",19.84,0,0,0,0,0,0,0,0.0,0.0,0.0,0.0,Null,Null,Null
570,DXW.TO,"04/22/2020, 05:31:00",19.04,0,0,0,0,0,0,0,0.0,0.0,0.0,0.0,Null,Null,Null
571,DXZ.TO,"04/22/2020, 05:31:17",7.98,0,0,0,0,0,0,0,0.0,0.0,0.0,0.0,Null,Null,Null
572,E.TO,"04/22/2020, 05:31:32",0.15,50980000.0,7650000.0,19740000.0,1610000.0,0.0,0.0,0.0,969.0,18026.0,19522.0,3610.0,2019-12-31,2019-12-31,2019-12-31
573,EARN.TO,"04/22/2020, 05:31:48",48.44,0,0,0,0,0,0,0,0.0,0.0,0.0,0.0,Null,Null,Null
574,ECF-UN.TO,"04/22/2020, 05:32:04",8.05,13070000.0,105240000.0,0.0,0,0,0,0,0.0,283662.0,10159.0,29869.0,2019-12-31,2019-12-31,2019-12-31
575,ECN.TO,"04/22/2020, 05:32:23",3.49,240130000.0,838050000.0,1420000000.0,0,0,0.0,0.0,137141.0,845112.0,248724.0,120751.0,2019-12-31,2019-12-31,2019-12-31
576,ECN-PR-A.TO,"04/22/2020, 05:32:39",0,0,0,0,0,0,0,0,0.0,0.0,0.0,0.0,Null,Null,Null
577,ECN-PR-C.TO,"04/22/2020, 05:32:54",0,0,0,0,0,0,0,0,0.0,0.0,0.0,0.0,Null,Null,Null
578,ECO.TO,"04/22/2020, 05:33:09",1.85,57900000.0,107120000.0,66720000.0,-1400000.0,0.0,0.0,0.0,43696.0,2537.0,18447.0,705.0,2019-12-31,2019-12-31,2019-12-31
579,EDGE.TO,"04/22/2020, 05:33:26",20.56,0,0,0,0,0,0,0,0.0,0.0,0.0,0.0,Null,Null,Null
580,EDGF.TO,"04/22/2020, 05:33:41",8.39,0,0,0,0,0,0,0,0.0,0.0,0.0,0.0,Null,Null,Null
581,EDR.TO,"04/22/2020, 05:33:56",2.14,142880000.0,312240000.0,288690000.0,-8380000.000000001,0.0,0.0,0.0,23437.0,40920.0,121724.0,-9578.0,2019-12-31,2019-12-31,2019-12-31
582,EDT.TO,"04/22/2020, 05:34:11",0.69,225820000.0,155860000.0,156640000.0,-4090000.0,0.0,0.0,0.0,1435.0,1746.0,2868.0,-2738.0,2019-12-31,2019-12-31,2019-12-31
583,EDV.TO,"04/22/2020, 05:34:27",24.69,109930000.0,2710000000.0,3360000000.0,351670000.0,0.0,0.0,0.0,189889.0,1056294.0,886371.0,301885.0,2019-12-31,2019-12-31,2019-12-31
584,EF-UN.TO,"04/22/2020, 05:34:43",7.05,0,0,0.0,0,0,0,0,0.0,0.0,0.0,0.0,Null,ttm,ttm
585,EFH.TO,"04/22/2020, 05:34:58",5.75,12010000.0,69040000.0,-14750000.0,0.0,0.0,0.0,0.0,0.0,50813.0,35339.0,-246458.0,2019-12-31,2019-12-31,2019-12-31
586,EFL.TO,"04/22/2020, 05:35:13",0.215,115410000.0,24810000.0,38310000.0,-4530000.0,0.0,0,0.0,333.0,16353.0,4891.0,-2875.0,2019-09-30,2019-09-30,2019-09-30
587,EFN.TO,"04/22/2020, 05:35:28",9.2,435220000.0,4019999999.9999995,17530000000.0,0,0,0.0,0.0,0.0,13616958.0,1409545.0,1038915.0,2019-12-31,2019-12-31,2019-12-31
588,EFN-DB-A.TO,"04/22/2020, 05:35:43",0,0,0,0,0,0,0,0,0.0,0.0,0.0,0.0,Null,Null,Null
589,EFN-DB-B.TO,"04/22/2020, 05:35:59",0,0,0,0,0,0,0,0,0.0,0.0,0.0,0.0,Null,Null,Null
590,EFN-PR-A.TO,"04/22/2020, 05:36:14",0,0,0,0,0,0,0,0,0.0,0.0,0.0,0.0,Null,Null,Null
591,EFN-PR-C.TO,"04/22/2020, 05:36:29",0,0,0,0,0,0,0,0,0.0,0.0,0.0,0.0,Null,Null,Null
592,EFN-PR-E.TO,"04/22/2020, 05:36:46",0,0,0,0,0,0,0,0,0.0,0.0,0.0,0.0,Null,Null,Null
593,EFN-PR-G.TO,"04/22/2020, 05:37:01",0,0,0,0,0,0,0,0,0.0,0.0,0.0,0.0,Null,Null,Null
594,EFN-PR-I.TO,"04/22/2020, 05:37:17",0,0,0,0,0,0,0,0,0.0,0.0,0.0,0.0,Null,Null,Null
595,EFR.TO,"04/22/2020, 05:37:33",2.21,115000000.0,254140000.0,278680000.0,-37440000.0,0.0,0.0,0.0,17648.0,45113.0,5865.0,-44378.0,2019-12-31,2019-12-31,2019-12-31
596,EFR-DB.TO,"04/22/2020, 05:37:48",0,0,0,0,0,0,0,0,0.0,0.0,0.0,0.0,Null,Null,Null
597,EFR-WT.TO,"04/22/2020, 05:38:04",0,0,0,0,0,0,0,0,0.0,0.0,0.0,0.0,Null,Null,Null
598,EFX.TO,"04/22/2020, 05:38:19",4.64,89680000.0,416110000.0,818880000.0,327010000.0,0.0,0.0,0.0,96255.0,1091719.0,2045422.0,54169.0,2019-12-31,2019-12-31,2019-12-31
599,EGIF.TO,"04/22/2020, 05:38:36",20.98,0,0,0,0,0,0,0,0.0,0.0,0.0,0.0,Null,Null,Null
600,EGLX.TO,"04/22/2020, 05:38:51",1.59,72090000.0,114630000.0,131400000.0,-17750000.0,0.0,0.0,0.0,14017.0,50687.0,11761.0,-15984.0,2019-12-31,2019-12-31,2019-12-31
601,EHE.TO,"04/22/2020, 05:39:10",20.19,0,0,0,0,0,0,0,0.0,0.0,0.0,0.0,Null,Null,Null
602,EHE-B.TO,"04/22/2020, 05:39:25",20.32,0,0,0,0,0,0,0,0.0,0.0,0.0,0.0,Null,Null,Null
603,EIF.TO,"04/22/2020, 05:39:41",24.02,34730000.0,834230000.0,1990000000.0,305690000.0,0.0,0.0,0.0,22055.0,1536714.0,1341374.0,217237.0,2019-12-31,2019-12-31,2019-12-31
604,EIF-DB-H.TO,"04/22/2020, 05:39:56",0,0,0,0,0,0,0,0,0.0,0.0,0.0,0.0,Null,Null,Null
605,EIF-DB-I.TO,"04/22/2020, 05:40:12",0,0,0,0,0,0,0,0,0.0,0.0,0.0,0.0,Null,Null,Null
606,EIF-DB-J.TO,"04/22/2020, 05:40:27",0,0,0,0,0,0,0,0,0.0,0.0,0.0,0.0,Null,Null,Null
607,EIF-DB-K.TO,"04/22/2020, 05:40:43",0,0,0,0,0,0,0,0,0.0,0.0,0.0,0.0,Null,Null,Null
608,EIT-PR-A.TO,"04/22/2020, 05:40:58",0,0,0,0,0,0,0,0,0.0,0.0,0.0,0.0,Null,Null,Null
609,EIT-PR-B.TO,"04/22/2020, 05:41:17",0,0,0,0,0,0,0,0,0.0,0.0,0.0,0.0,Null,Null,Null
610,EIT-UN.TO,"04/22/2020, 05:41:32",8.46,118810000.0,1010000000.0,1150000000.0,0,0,0.0,0.0,0.0,324843.0,187696.0,-236475.0,2019-12-31,2019-12-31,2019-12-31
611,ELD.TO,"04/22/2020, 05:41:47",12.23,164960000.0,2020000000.0,2390000000.0,205040000.0,0.0,0.0,0.0,184845.0,1175107.0,617823.0,165826.0,2019-12-31,2019-12-31,2019-12-31
612,ELEF.TO,"04/22/2020, 05:42:03",0.16,122900000.0,19660000.0,16090000.0,11190000.0,0.0,0.0,0.0,3018.0,2740.0,0.0,-2676.0,2019-12-31,2019-12-31,2019-12-31
613,ELF.TO,"04/22/2020, 05:42:18",685.0,4019999.9999999995,2750000000.0,4170000000.0,1050000000.0,0.0,0.0,0.0,0.0,16366122.0,2906541.0,416527.0,2019-12-31,2019-12-31,2019-12-31
614,ELF-PR-F.TO,"04/22/2020, 05:42:34",0,0,0,0,0,0,0,0,0.0,0.0,0.0,0.0,Null,Null,Null
615,ELF-PR-G.TO,"04/22/2020, 05:42:49",0,0,0,0,0,0,0,0,0.0,0.0,0.0,0.0,Null,Null,Null
616,ELF-PR-H.TO,"04/22/2020, 05:43:05",0,0,0,0,0,0,0,0,0.0,0.0,0.0,0.0,Null,Null,Null
617,ELR.TO,"04/22/2020, 05:43:23",0.27,92600000.0,25000000.0,20680000.0,-1670000.0,0.0,0.0,0.0,1957.0,71347.0,39242.0,-8843.0,2019-12-31,2019-12-31,2019-12-31
618,ELV.TO,"04/22/2020, 05:43:38",16.04,0,0,0,0,0,0,0,0.0,0.0,0.0,0.0,Null,Null,Null
619,EMA.TO,"04/22/2020, 05:43:54",53.14,242600000.0,12890000000.0,30060000000.0,2250000000.0,0.0,0.0,0.0,231000.0,23241000.0,6111000.0,1525000.0,2019-12-31,2019-12-31,2019-12-31
620,EMA-PR-A.TO,"04/22/2020, 05:44:09",0,0,0,0,0,0,0,0,0.0,0.0,0.0,0.0,Null,Null,Null
621,EMA-PR-B.TO,"04/22/2020, 05:44:24",0,0,0,0,0,0,0,0,0.0,0.0,0.0,0.0,Null,Null,Null
622,EMA-PR-C.TO,"04/22/2020, 05:44:39",0,0,0,0,0,0,0,0,0.0,0.0,0.0,0.0,Null,Null,Null
623,EMA-PR-E.TO,"04/22/2020, 05:44:55",0,0,0,0,0,0,0,0,0.0,0.0,0.0,0.0,Null,Null,Null
624,EMA-PR-F.TO,"04/22/2020, 05:45:11",0,0,0,0,0,0,0,0,0.0,0.0,0.0,0.0,Null,Null,Null
625,EMA-PR-H.TO,"04/22/2020, 05:45:27",0,0,0,0,0,0,0,0,0.0,0.0,0.0,0.0,Null,Null,Null
626,EML-PR-A.TO,"04/22/2020, 05:45:42",0,0,0,0,0,0,0,0,0.0,0.0,0.0,0.0,Null,Null,Null
627,EMP-A.TO,"04/22/2020, 05:45:58",32.32,170960000.0,8700000000.0,15100000000.0,1370000000.0,0.0,0.0,0.0,553300.0,5519400.0,25142000.0,885600.0,2019-04-30,2019-04-30,2019-04-30
628,EMV-B.TO,"04/22/2020, 05:46:15",22.28,0,0,0,0,0,0,0,0.0,0.0,0.0,0.0,Null,Null,Null
629,ENB.TO,"04/22/2020, 05:46:32",39.9,2029999999.9999998,80800000000.0,160230000000.0,12170000000.0,0.0,0.0,0.0,648000.0,93862000.0,50069000.0,9398000.0,2019-12-31,2019-12-31,2019-12-31
630,ENB-PF-A.TO,"04/22/2020, 05:46:47",0,0,0,0,0,0,0,0,0.0,0.0,0.0,0.0,Null,Null,Null
631,ENB-PF-C.TO,"04/22/2020, 05:47:03",0,0,0,0,0,0,0,0,0.0,0.0,0.0,0.0,Null,Null,Null
632,ENB-PF-E.TO,"04/22/2020, 05:47:18",0,0,0,0,0,0,0,0,0.0,0.0,0.0,0.0,Null,Null,Null
633,ENB-PF-G.TO,"04/22/2020, 05:47:34",0,0,0,0,0,0,0,0,0.0,0.0,0.0,0.0,Null,Null,Null
634,ENB-PF-I.TO,"04/22/2020, 05:47:49",0,0,0,0,0,0,0,0,0.0,0.0,0.0,0.0,Null,Null,Null
635,ENB-PF-K.TO,"04/22/2020, 05:48:04",0,0,0,0,0,0,0,0,0.0,0.0,0.0,0.0,Null,Null,Null
636,ENB-PF-U.TO,"04/22/2020, 05:48:19",0,0,0,0,0,0,0,0,0.0,0.0,0.0,0.0,Null,Null,Null
637,ENB-PF-V.TO,"04/22/2020, 05:48:34",0,0,0,0,0,0,0,0,0.0,0.0,0.0,0.0,Null,Null,Null
638,ENB-PR-A.TO,"04/22/2020, 05:48:50",0,0,0,0,0,0,0,0,0.0,0.0,0.0,0.0,Null,Null,Null
639,ENB-PR-B.TO,"04/22/2020, 05:49:05",0,0,0,0,0,0,0,0,0.0,0.0,0.0,0.0,Null,Null,Null
640,ENB-PR-C.TO,"04/22/2020, 05:49:21",0,0,0,0,0,0,0,0,0.0,0.0,0.0,0.0,Null,Null,Null
641,ENB-PR-D.TO,"04/22/2020, 05:49:35",0,0,0,0,0,0,0,0,0.0,0.0,0.0,0.0,Null,Null,Null
642,ENB-PR-F.TO,"04/22/2020, 05:49:52",0,0,0,0,0,0,0,0,0.0,0.0,0.0,0.0,Null,Null,Null
643,ENB-PR-H.TO,"04/22/2020, 05:50:08",0,0,0,0,0,0,0,0,0.0,0.0,0.0,0.0,Null,Null,Null
644,ENB-PR-J.TO,"04/22/2020, 05:50:24",0,0,0,0,0,0,0,0,0.0,0.0,0.0,0.0,Null,Null,Null
645,ENB-PR-N.TO,"04/22/2020, 05:50:40",0,0,0,0,0,0,0,0,0.0,0.0,0.0,0.0,Null,Null,Null
646,ENB-PR-P.TO,"04/22/2020, 05:50:55",0,0,0,0,0,0,0,0,0.0,0.0,0.0,0.0,Null,Null,Null
647,ENB-PR-T.TO,"04/22/2020, 05:51:12",0,0,0,0,0,0,0,0,0.0,0.0,0.0,0.0,Null,Null,Null
648,ENB-PR-U.TO,"04/22/2020, 05:51:28",0,0,0,0,0,0,0,0,0.0,0.0,0.0,0.0,Null,Null,Null
649,ENB-PR-V.TO,"04/22/2020, 05:51:43",0,0,0,0,0,0,0,0,0.0,0.0,0.0,0.0,Null,Null,Null
650,ENB-PR-Y.TO,"04/22/2020, 05:52:01",0,0,0,0,0,0,0,0,0.0,0.0,0.0,0.0,Null,Null,Null
651,ENGH.TO,"04/22/2020, 05:52:17",50.34,54980000.0,2770000000.0,2820000000.0,106580000.0,0.0,0.0,0.0,150269.0,188527.0,385853.0,81375.0,2019-10-31,2019-10-31,2019-10-31
652,ENI-UN.TO,"04/22/2020, 05:52:33",1.11,3870000.0,3910000.0,-3660000.0,0,0,0,0.0,175.0,163.0,1246.0,937.0,2019-12-31,2019-12-31,2019-12-31
653,ENS.TO,"04/22/2020, 05:52:48",10.7,3190000.0,85600000.0,-16379999.999999998,0,0,0.0,0.0,83839.0,32902.0,19598.0,4818.0,2019-12-31,2019-12-31,2019-12-31
654,ENS-PR-A.TO,"04/22/2020, 05:53:03",0,0,0,0,0,0,0,0,0.0,0.0,0.0,0.0,Null,Null,Null
655,ENT.TO,"04/22/2020, 05:53:19",0.035,127940000.0,4480000.0,252080000.0,21360000.0,0.0,0.0,0.0,1355.0,271851.0,180274.0,12019.0,2019-12-31,2019-12-31,2019-12-31
656,ENT-DB.TO,"04/22/2020, 05:53:35",0,0,0,0,0,0,0,0,0.0,0.0,0.0,0.0,Null,Null,Null
657,EOX.TO,"04/22/2020, 05:53:50",0.03,331930000.0,9960000.0,23100000.0,-2880000.0,0.0,0.0,0.0,6964.0,35790.0,0.0,-3425.0,2019-12-31,2019-12-31,2019-12-31
658,EQB.TO,"04/22/2020, 05:54:06",62.87,16800000.0,1060000000.0,11500000000.0,0,0,0,0.0,0.0,26924738.0,497064.0,307698.0,2019-12-31,2019-12-31,2019-12-31
659,EQB-PR-C.TO,"04/22/2020, 05:54:21",0,0,0,0,0,0,0,0,0.0,0.0,0.0,0.0,Null,Null,Null
660,EQL.TO,"04/22/2020, 05:54:37",19.37,0,0,0,0,0,0,0,0.0,0.0,0.0,0.0,Null,Null,Null
661,EQL-F.TO,"04/22/2020, 05:54:53",16.65,0,0,0,0,0,0,0,0.0,0.0,0.0,0.0,Null,Null,Null
662,EQL-U.TO,"04/22/2020, 05:55:11",14.02,0,0,0,0,0,0,0,0.0,0.0,0.0,0.0,Null,Null,Null
663,EQX.TO,"04/22/2020, 05:55:26",10.45,216200000.0,2260000000.0,1370000000.0,94410000.0,0.0,0.0,0.0,68704.0,436291.0,281697.0,59722.0,2019-12-31,2019-12-31,2019-12-31
664,EQX-WT.TO,"04/22/2020, 05:55:41",0.49,0,0,0.0,0,0,0,0,0.0,0.0,0.0,0.0,Null,ttm,ttm
665,ER.TO,"04/22/2020, 05:55:57",0.08,288900000.0,23110000.0,21830000.0,-2300000.0,0.0,0.0,0.0,3086.0,4649.0,0.0,-2067.0,2019-10-31,2019-10-31,2019-10-31
666,ERD.TO,"04/22/2020, 05:56:12",0.215,191070000.0,41080000.0,42500000.0,-2680000.0,0.0,0.0,0.0,5107.0,6992.0,0.0,-1583.0,2019-12-31,2019-12-31,2019-12-31
667,ERF.TO,"04/22/2020, 05:56:27",2.62,222560000.0,583120000.0,1090000000.0,597100000.0,0.0,0.0,0.0,151649.0,1094244.0,1572955.0,694240.0,2019-12-31,2019-12-31,2019-12-31
668,ERO.TO,"04/22/2020, 05:56:42",12.82,85700000.0,1100000000.0,1240000000.0,138830000.0,0.0,0.0,0.0,21485.0,263616.0,284843.0,127830.0,2019-12-31,2019-12-31,2019-12-31
669,ESG.TO,"04/22/2020, 05:56:58",20.62,0,0,0,0,0,0,0,0.0,0.0,0.0,0.0,Null,Null,Null
670,ESG-F.TO,"04/22/2020, 05:57:15",18.99,0,0,0,0,0,0,0,0.0,0.0,0.0,0.0,Null,Null,Null
671,ESGA.TO,"04/22/2020, 05:57:31",23.96,0,0,0,0,0,0,0,0.0,0.0,0.0,0.0,Null,Null,Null
672,ESGB.TO,"04/22/2020, 05:57:46",30.07,0,0,0,0,0,0,0,0.0,0.0,0.0,0.0,Null,Null,Null
673,ESGE.TO,"04/22/2020, 05:58:03",25.24,0,0,0,0,0,0,0,0.0,0.0,0.0,0.0,Null,Null,Null
674,ESGF.TO,"04/22/2020, 05:58:18",30.5,0,0,0,0,0,0,0,0.0,0.0,0.0,0.0,Null,Null,Null
675,ESGG.TO,"04/22/2020, 05:58:34",27.21,0,0,0,0,0,0,0,0.0,0.0,0.0,0.0,Null,Null,Null
676,ESGY.TO,"04/22/2020, 05:58:49",27.5,0,0,0,0,0,0,0,0.0,0.0,0.0,0.0,Null,Null,Null
677,ESI.TO,"04/22/2020, 05:59:05",0.47,160180000.0,76450000.0,1650000000.0,392200000.0,0.0,0.0,0.0,28408.0,2007579.0,1592247.0,269571.0,2019-12-31,2019-12-31,2019-12-31
678,ESM.TO,"04/22/2020, 05:59:21",0.275,111790000.0,30740000.0,29340000.0,-7270000.0,0.0,0,0.0,1500.0,4279.0,0.0,-5165.0,2019-12-31,2019-12-31,2019-12-31
679,ESN.TO,"04/22/2020, 05:59:36",0.135,141860000.0,19150000.0,40930000.0,9530000.0,0.0,0.0,0.0,846.0,40724.0,141133.0,27702.0,2019-12-31,2019-12-31,2019-12-31
680,ET.TO,"04/22/2020, 05:59:52",13.93,76600000.0,1070000000.0000001,1050000000.0,107690000.0,0.0,0.0,0.0,108606.0,111194.0,443556.0,88470.0,2019-04-30,2019-04-30,2019-04-30
681,ETG.TO,"04/22/2020, 06:00:07",0.27,175470000.0,47380000.0,51340000.0,-2089999.9999999998,0.0,0,0.0,5380.0,53082.0,0.0,-1816.0,2019-12-31,2019-12-31,2019-12-31
682,ETHI.TO,"04/22/2020, 06:00:24",28.61,0,0,0,0,0,0,0,0.0,0.0,0.0,0.0,Null,Null,Null
683,ETP.TO,"04/22/2020, 06:00:40",16.66,0,0,0,0,0,0,0,0.0,0.0,0.0,0.0,Null,Null,Null
684,ETP-A.TO,"04/22/2020, 06:00:57",15.0,0,0,0,0,0,0,0,0.0,0.0,0.0,0.0,Null,Null,Null
685,ETX.TO,"04/22/2020, 06:01:12",0.23,334090000.0,76840000.0,395500000.0,10530000.0,0.0,0,0.0,10596.0,350061.0,21876.0,15920.0,2019-12-31,2019-12-31,2019-12-31
686,EUR.TO,"04/22/2020, 06:01:31",16.35,0,0,0,0,0,0,0,0.0,0.0,0.0,0.0,Null,Null,Null
687,EVT.TO,"04/22/2020, 06:01:46",90.3,5620000.0,507080000.0,470980000.0,0,0,0,0.0,0.0,0.0,0.0,0.0,Null,ttm,ttm
688,EXE.TO,"04/22/2020, 06:02:02",6.05,89270000.0,540060000.0,1030000000.0,88520000.0,0.0,0.0,0.0,94457.0,773386.0,1131950.0,45190.0,2019-12-31,2019-12-31,2019-12-31
689,EXE-DB-C.TO,"04/22/2020, 06:02:16",0,0,0,0,0,0,0,0,0.0,0.0,0.0,0.0,Null,Null,Null
690,EXF.TO,"04/22/2020, 06:02:33",3.08,24020000.0,171370000.0,178200000.0,11690000.0,0.0,0.0,0.0,19436.0,105038.0,287481.0,17242.0,2019-08-31,2019-08-31,2019-08-31
691,EXN.TO,"04/22/2020, 06:02:49",0.56,111130000.0,62230000.0,61360000.0,-5460000.0,0.0,0.0,0.0,6692.0,12958.0,26469.0,-3877.0,2019-12-31,2019-12-31,2019-12-31
692,EXN-WT.TO,"04/22/2020, 06:03:05",0,0,0,0,0,0,0,0,0.0,0.0,0.0,0.0,Null,Null,Null
693,FAF.TO,"04/22/2020, 06:03:21",0.57,129770000.00000001,73970000.0,135140000.0,-18310000.0,0.0,0.0,0.0,0.0,0.0,0.0,0.0,Null,ttm,ttm
694,FAH-U.TO,"04/22/2020, 06:03:36",3.61,29500000.0,214780000.0,63470000.0,0,0,0,0.0,0.0,1852.0,-53292.0,-131713.0,2019-12-31,2019-12-31,2019-12-31
695,FAI.TO,"04/22/2020, 06:03:53",10.81,0,0,0,0,0,0,0,0.0,0.0,0.0,0.0,Null,Null,Null
696,FAO.TO,"04/22/2020, 06:04:09",8.24,0,0,0,0,0,0,0,0.0,0.0,0.0,0.0,Null,Null,Null
697,FAO-U.TO,"04/22/2020, 06:04:26",8.0,0,0,0,0,0,0,0,0.0,0.0,0.0,0.0,Null,Null,Null
698,FAP.TO,"04/22/2020, 06:04:42",2.7,50740000.0,137010000.0,0.0,0,0,0.0,0.0,0.0,105071.0,35121.0,8676.0,2019-10-31,2019-10-31,2019-10-31
699,FAR.TO,"04/22/2020, 06:04:58",0.3,89880000.0,26960000.0,165670000.0,28000000.0,0.0,0.0,0.0,16053.0,193664.0,205444.0,20554.0,2019-12-31,2019-12-31,2019-12-31
700,FBE.TO,"04/22/2020, 06:05:15",18.44,0,0,0,0,0,0,0,0.0,0.0,0.0,0.0,Null,Null,Null
701,FBU.TO,"04/22/2020, 06:05:32",22.26,0,0,0,0,0,0,0,0.0,0.0,0.0,0.0,Null,Null,Null
702,FC.TO,"04/22/2020, 06:05:48",10.53,28700000.0,302220000.0,422560000.0,0,0,0.0,0.0,0.0,165896.0,34673.0,40646.0,2019-12-31,2019-12-31,2019-12-31
703,FC-DB-E.TO,"04/22/2020, 06:06:04",0,0,0,0,0,0,0,0,0.0,0.0,0.0,0.0,Null,Null,Null
704,FC-DB-F.TO,"04/22/2020, 06:06:20",0,0,0,0,0,0,0,0,0.0,0.0,0.0,0.0,Null,Null,Null
705,FC-DB-G.TO,"04/22/2020, 06:06:36",0,0,0,0,0,0,0,0,0.0,0.0,0.0,0.0,Null,Null,Null
706,FC-DB-H.TO,"04/22/2020, 06:06:56",0,0,0,0,0,0,0,0,0.0,0.0,0.0,0.0,Null,Null,Null
707,FC-DB-I.TO,"04/22/2020, 06:07:11",0,0,0,0,0,0,0,0,0.0,0.0,0.0,0.0,Null,Null,Null
708,FC-DB-J.TO,"04/22/2020, 06:07:27",0,0,0,0,0,0,0,0,0.0,0.0,0.0,0.0,Null,Null,Null
709,FCCB.TO,"04/22/2020, 06:07:43",25.6,0,0,0,0,0,0,0,0.0,0.0,0.0,0.0,Null,Null,Null
710,FCCD.TO,"04/22/2020, 06:08:00",19.68,0,0,0,0,0,0,0,0.0,0.0,0.0,0.0,Null,Null,Null
711,FCCL.TO,"04/22/2020, 06:08:16",23.12,0,0,0,0,0,0,0,0.0,0.0,0.0,0.0,Null,Null,Null
712,FCCQ.TO,"04/22/2020, 06:08:33",21.58,0,0,0,0,0,0,0,0.0,0.0,0.0,0.0,Null,Null,Null
713,FCGB.TO,"04/22/2020, 06:08:50",23.57,0,0,0,0,0,0,0,0.0,0.0,0.0,0.0,Null,Null,Null
714,FCGI.TO,"04/22/2020, 06:09:06",21.3,0,0,0,0,0,0,0,0.0,0.0,0.0,0.0,Null,Null,Null
715,FCHH.TO,"04/22/2020, 06:09:22",22.95,0,0,0,0,0,0,0,0.0,0.0,0.0,0.0,Null,Null,Null
716,FCHY.TO,"04/22/2020, 06:09:38",25.97,0,0,0,0,0,0,0,0.0,0.0,0.0,0.0,Null,Null,Null
717,FCID.TO,"04/22/2020, 06:09:56",18.01,0,0,0,0,0,0,0,0.0,0.0,0.0,0.0,Null,Null,Null
718,FCIL.TO,"04/22/2020, 06:10:12",25.62,0,0,0,0,0,0,0,0.0,0.0,0.0,0.0,Null,Null,Null
719,FCIQ.TO,"04/22/2020, 06:10:29",27.42,0,0,0,0,0,0,0,0.0,0.0,0.0,0.0,Null,Null,Null
720,FCLH.TO,"04/22/2020, 06:10:45",27.0,0,0,0,0,0,0,0,0.0,0.0,0.0,0.0,Null,Null,Null
721,FCMI.TO,"04/22/2020, 06:11:01",19.8,0,0,0,0,0,0,0,0.0,0.0,0.0,0.0,Null,Null,Null
722,FCQH.TO,"04/22/2020, 06:11:16",27.69,0,0,0,0,0,0,0,0.0,0.0,0.0,0.0,Null,Null,Null
723,FCR-IR.TO,"04/22/2020, 06:11:31",3.68,0,0,0.0,0,0,0,0,0.0,0.0,0.0,0.0,Null,ttm,ttm
724,FCR-UN.TO,"04/22/2020, 06:11:46",13.66,217950000.0,2980000000.0,7760000000.0,452190000.0,0.0,0.0,0.0,29452.0,5685854.0,746773.0,269147.0,2019-12-31,2019-12-31,2019-12-31
725,FCRH.TO,"04/22/2020, 06:12:03",21.07,0,0,0,0,0,0,0,0.0,0.0,0.0,0.0,Null,Null,Null
726,FCRR.TO,"04/22/2020, 06:12:21",23.59,0,0,0,0,0,0,0,0.0,0.0,0.0,0.0,Null,Null,Null
727,FCSB.TO,"04/22/2020, 06:12:36",24.94,0,0,0,0,0,0,0,0.0,0.0,0.0,0.0,Null,Null,Null
728,FCU.TO,"04/22/2020, 06:12:52",0.32,486620000.0,155720000.0,160880000.0,-4640000.0,0.0,0.0,0.0,4808.0,742.0,0.0,-3937.0,2019-12-31,2019-12-31,2019-12-31
729,FCUD.TO,"04/22/2020, 06:13:08",19.88,0,0,0,0,0,0,0,0.0,0.0,0.0,0.0,Null,Null,Null
730,FCUH.TO,"04/22/2020, 06:13:25",17.69,0,0,0,0,0,0,0,0.0,0.0,0.0,0.0,Null,Null,Null
731,FCUL.TO,"04/22/2020, 06:13:41",29.09,0,0,0,0,0,0,0,0.0,0.0,0.0,0.0,Null,Null,Null
732,FCUQ.TO,"04/22/2020, 06:13:57",29.75,0,0,0,0,0,0,0,0.0,0.0,0.0,0.0,Null,Null,Null
733,FDE.TO,"04/22/2020, 06:14:14",11.05,0,0,0,0,0,0,0,0.0,0.0,0.0,0.0,Null,Null,Null
734,FDV.TO,"04/22/2020, 06:14:31",8.43,0,0,0,0,0,0,0,0.0,0.0,0.0,0.0,Null,Null,Null
735,FEBB-F.TO,"04/22/2020, 06:14:47",23.36,0,0,0,0,0,0,0,0.0,0.0,0.0,0.0,Null,Null,Null
736,FEC.TO,"04/22/2020, 06:15:02",3.6,96430000.0,347160000.0,472130000.0,524440000.00000006,0.0,0.0,0.0,328433.0,1222717.0,1425347.0,546967.0,2019-12-31,2019-12-31,2019-12-31
737,FF.TO,"04/22/2020, 06:15:18",0.22,629420000.0,138470000.0,132150000.0,-5210000.0,0.0,0.0,0.0,7677.0,5688.0,0.0,-4200.0,2019-12-31,2019-12-31,2019-12-31
738,FFH.TO,"04/22/2020, 06:15:33",393.1,26080000.0,10840000000.0,14560000000.0,3050000000.0,0.0,0.0,0.0,0.0,52601300.0,21181000.0,1355400.0,2019-12-31,2019-12-31,2019-12-31
739,FFH-PR-C.TO,"04/22/2020, 06:15:49",0,0,0,0,0,0,0,0,0.0,0.0,0.0,0.0,Null,Null,Null
740,FFH-PR-D.TO,"04/22/2020, 06:16:04",0,0,0,0,0,0,0,0,0.0,0.0,0.0,0.0,Null,Null,Null
741,FFH-PR-E.TO,"04/22/2020, 06:16:21",0,0,0,0,0,0,0,0,0.0,0.0,0.0,0.0,Null,Null,Null
742,FFH-PR-F.TO,"04/22/2020, 06:16:37",0,0,0,0,0,0,0,0,0.0,0.0,0.0,0.0,Null,Null,Null
743,FFH-PR-G.TO,"04/22/2020, 06:16:54",0,0,0,0,0,0,0,0,0.0,0.0,0.0,0.0,Null,Null,Null
744,FFH-PR-H.TO,"04/22/2020, 06:17:09",0,0,0,0,0,0,0,0,0.0,0.0,0.0,0.0,Null,Null,Null
745,FFH-PR-I.TO,"04/22/2020, 06:17:27",0,0,0,0,0,0,0,0,0.0,0.0,0.0,0.0,Null,Null,Null
746,FFH-PR-J.TO,"04/22/2020, 06:17:42",0,0,0,0,0,0,0,0,0.0,0.0,0.0,0.0,Null,Null,Null
747,FFH-PR-K.TO,"04/22/2020, 06:17:57",0,0,0,0,0,0,0,0,0.0,0.0,0.0,0.0,Null,Null,Null
748,FFH-PR-M.TO,"04/22/2020, 06:18:13",0,0,0,0,0,0,0,0,0.0,0.0,0.0,0.0,Null,Null,Null
749,FFH-U.TO,"04/22/2020, 06:18:28",289.51,0,0,0.0,0,0,0,0,0.0,0.0,0.0,0.0,Null,ttm,ttm
750,FFI-UN.TO,"04/22/2020, 06:18:44",10.2,6390000.0,78580000.0,112780000.0,0,0,0.0,0.0,0.0,48650.0,20095.0,12171.0,2019-12-31,2019-12-31,2019-12-31
751,FFN.TO,"04/22/2020, 06:18:59",4.63,16550000.0,76640000.0,-45310000.0,0,0,0.0,0.0,0.0,191330.0,39027.0,30577.0,2019-11-30,2019-11-30,2019-11-30
752,FFN-PR-A.TO,"04/22/2020, 06:19:15",0,0,0,0,0,0,0,0,0.0,0.0,0.0,0.0,Null,Null,Null
753,FGB.TO,"04/22/2020, 06:19:33",19.47,0,0,0,0,0,0,0,0.0,0.0,0.0,0.0,Null,Null,Null
754,FGO.TO,"04/22/2020, 06:19:48",11.29,0,0,0,0,0,0,0,0.0,0.0,0.0,0.0,Null,Null,Null
755,FGO-U.TO,"04/22/2020, 06:20:04",11.24,0,0,0,0,0,0,0,0.0,0.0,0.0,0.0,Null,Null,Null
756,FHB.TO,"04/22/2020, 06:20:20",4.34,0,0,0,0,0,0,0,0.0,0.0,0.0,0.0,Null,Null,Null
757,FHC.TO,"04/22/2020, 06:20:35",23.89,0,0,0,0,0,0,0,0.0,0.0,0.0,0.0,Null,Null,Null
758,FHC-F.TO,"04/22/2020, 06:20:51",16.6,0,0,0,0,0,0,0,0.0,0.0,0.0,0.0,Null,Null,Null
759,FHD.TO,"04/22/2020, 06:21:07",20.36,0,0,0,0,0,0,0,0.0,0.0,0.0,0.0,Null,Null,Null
760,FHE.TO,"04/22/2020, 06:21:23",4.63,0,0,0,0,0,0,0,0.0,0.0,0.0,0.0,Null,Null,Null
761,FHF.TO,"04/22/2020, 06:21:40",23.06,0,0,0,0,0,0,0,0.0,0.0,0.0,0.0,Null,Null,Null
762,FHG.TO,"04/22/2020, 06:21:57",24.44,0,0,0,0,0,0,0,0.0,0.0,0.0,0.0,Null,Null,Null
763,FHG-F.TO,"04/22/2020, 06:22:13",16.0,0,0,0,0,0,0,0,0.0,0.0,0.0,0.0,Null,Null,Null
764,FHH.TO,"04/22/2020, 06:22:28",31.63,0,0,0,0,0,0,0,0.0,0.0,0.0,0.0,Null,Null,Null
765,FHH-F.TO,"04/22/2020, 06:22:46",23.43,0,0,0,0,0,0,0,0.0,0.0,0.0,0.0,Null,Null,Null
766,FHI.TO,"04/22/2020, 06:23:02",10.11,0,0,0,0,0,0,0,0.0,0.0,0.0,0.0,Null,Null,Null
767,FHI-B.TO,"04/22/2020, 06:23:18",11.05,0,0,0,0,0,0,0,0.0,0.0,0.0,0.0,Null,Null,Null
768,FHM.TO,"04/22/2020, 06:23:33",19.24,0,0,0,0,0,0,0,0.0,0.0,0.0,0.0,Null,Null,Null
769,FHQ.TO,"04/22/2020, 06:23:52",44.24,0,0,0,0,0,0,0,0.0,0.0,0.0,0.0,Null,Null,Null
770,FHQ-F.TO,"04/22/2020, 06:24:08",24.15,0,0,0,0,0,0,0,0.0,0.0,0.0,0.0,Null,Null,Null
771,FHU.TO,"04/22/2020, 06:24:23",25.31,0,0,0,0,0,0,0,0.0,0.0,0.0,0.0,Null,Null,Null
772,FIE.TO,"04/22/2020, 06:24:42",5.26,0,0,0,0,0,0,0,0.0,0.0,0.0,0.0,Null,Null,Null
773,FIG.TO,"04/22/2020, 06:25:17",11.25,0,0,0,0,0,0,0,0.0,0.0,0.0,0.0,Null,Null,Null
774,FIG-U.TO,"04/22/2020, 06:25:35",10.29,0,0,0,0,0,0,0,0.0,0.0,0.0,0.0,Null,Null,Null
775,FIH-U.TO,"04/22/2020, 06:26:02",8.2,122630000.0,1250000000.0,1750000000.0,0,0,0.0,0.0,0.0,667086.0,603466.0,36598.0,2019-12-31,2019-12-31,2019-12-31
776,FINT.TO,"04/22/2020, 06:26:17",18.54,0,0,0,0,0,0,0,0.0,0.0,0.0,0.0,Null,Null,Null
777,FIRE.TO,"04/22/2020, 06:26:33",0.275,354040000.0,97360000.0,196100000.0,-6590000.0,0.0,0.0,0.0,54822.0,123829.0,41833.0,-14844.0,2019-06-30,2019-06-30,2019-06-30
778,FIRE-DB.TO,"04/22/2020, 06:26:49",0,0,0,0,0,0,0,0,0.0,0.0,0.0,0.0,Null,Null,Null
779,FLAM.TO,"04/22/2020, 06:27:08",21.75,0,0,0,0,0,0,0,0.0,0.0,0.0,0.0,Null,Null,Null
780,FLB.TO,"04/22/2020, 06:27:25",22.19,0,0,0,0,0,0,0,0.0,0.0,0.0,0.0,Null,Null,Null
781,FLBA.TO,"04/22/2020, 06:27:42",20.99,0,0,0,0,0,0,0,0.0,0.0,0.0,0.0,Null,Null,Null
782,FLCD.TO,"04/22/2020, 06:27:58",18.23,0,0,0,0,0,0,0,0.0,0.0,0.0,0.0,Null,Null,Null
783,FLCI.TO,"04/22/2020, 06:28:15",19.54,0,0,0,0,0,0,0,0.0,0.0,0.0,0.0,Null,Null,Null
784,FLCP.TO,"04/22/2020, 06:28:32",20.06,0,0,0,0,0,0,0,0.0,0.0,0.0,0.0,Null,Null,Null
785,FLDM.TO,"04/22/2020, 06:28:48",17.64,0,0,0,0,0,0,0,0.0,0.0,0.0,0.0,Null,Null,Null
786,FLEM.TO,"04/22/2020, 06:29:05",15.3,0,0,0,0,0,0,0,0.0,0.0,0.0,0.0,Null,Null,Null
787,FLGA.TO,"04/22/2020, 06:29:22",20.63,0,0,0,0,0,0,0,0.0,0.0,0.0,0.0,Null,Null,Null
788,FLGD.TO,"04/22/2020, 06:29:38",18.74,0,0,0,0,0,0,0,0.0,0.0,0.0,0.0,Null,Null,Null
789,FLI.TO,"04/22/2020, 06:29:54",6.56,0,0,0,0,0,0,0,0.0,0.0,0.0,0.0,Null,Null,Null
790,FLJA.TO,"04/22/2020, 06:30:10",20.28,0,0,0,0,0,0,0,0.0,0.0,0.0,0.0,Null,Null,Null
791,FLOT.TO,"04/22/2020, 06:30:27",6.66,0,0,0,0,0,0,0,0.0,0.0,0.0,0.0,Null,Null,Null
792,FLOT-B.TO,"04/22/2020, 06:30:44",8.1,0,0,0,0,0,0,0,0.0,0.0,0.0,0.0,Null,Null,Null
793,FLOT-U.TO,"04/22/2020, 06:31:01",5.9,0,0,0,0,0,0,0,0.0,0.0,0.0,0.0,Null,Null,Null
794,FLRM.TO,"04/22/2020, 06:31:17",18.64,0,0,0,0,0,0,0,0.0,0.0,0.0,0.0,Null,Null,Null
795,FLSD.TO,"04/22/2020, 06:31:33",19.83,0,0,0,0,0,0,0,0.0,0.0,0.0,0.0,Null,Null,Null
796,FLSL.TO,"04/22/2020, 06:31:50",17.28,0,0,0,0,0,0,0,0.0,0.0,0.0,0.0,Null,Null,Null
797,FLUI.TO,"04/22/2020, 06:32:06",21.51,0,0,0,0,0,0,0,0.0,0.0,0.0,0.0,Null,Null,Null
798,FLUR.TO,"04/22/2020, 06:32:22",19.54,0,0,0,0,0,0,0,0.0,0.0,0.0,0.0,Null,Null,Null
799,FLUS.TO,"04/22/2020, 06:32:38",24.06,0,0,0,0,0,0,0,0.0,0.0,0.0,0.0,Null,Null,Null
800,FM.TO,"04/22/2020, 06:32:54",7.14,687040000.0,4910000000.0,15250000000.0,1610000000.0,0.0,0.0,0.0,1138000.0,14085000.0,4067000.0,889000.0,2019-12-31,2019-12-31,2019-12-31
801,FN.TO,"04/22/2020, 06:33:09",27.76,59970000.0,1660000000.0,36220000000.0,0,0,0.0,0.0,0.0,37123933.0,407156.0,458697.0,2019-12-31,2019-12-31,2019-12-31
802,FN-PR-A.TO,"04/22/2020, 06:33:24",0,0,0,0,0,0,0,0,0.0,0.0,0.0,0.0,Null,Null,Null
803,FN-PR-B.TO,"04/22/2020, 06:33:41",0,0,0,0,0,0,0,0,0.0,0.0,0.0,0.0,Null,Null,Null
804,FNV.TO,"04/22/2020, 06:33:55",177.95,189410000.0,33710000000.0,33189999999.999996,673400000.0,0.0,0.0,0.0,132100.0,218400.0,844100.0,617700.0,2019-12-31,2019-12-31,2019-12-31
805,FOOD.TO,"04/22/2020, 06:34:11",3.59,58260000.0,209150000.0,211470000.0,-18100000.0,0.0,0.0,0.0,45149.0,63382.0,161333.0,880.0,2019-08-31,2019-08-31,2019-08-31
806,FOOD-DB.TO,"04/22/2020, 06:34:25",92.0,0,0,0.0,0,0,0,0,0.0,0.0,0.0,0.0,Null,ttm,ttm
807,FOUR.TO,"04/22/2020, 06:34:44",27.53,0,0,0,0,0,0,0,0.0,0.0,0.0,0.0,Null,Null,Null
808,FPR.TO,"04/22/2020, 06:35:02",17.0,0,0,0,0,0,0,0,0.0,0.0,0.0,0.0,Null,Null,Null
809,FQC.TO,"04/22/2020, 06:35:18",21.3,0,0,0,0,0,0,0,0.0,0.0,0.0,0.0,Null,Null,Null
810,FR.TO,"04/22/2020, 06:35:33",10.14,209550000.0,2130000000.0,2130000000.0,92010000.0,0.0,0.0,0.0,175515.0,365603.0,368835.0,140025.0,2019-12-31,2019-12-31,2019-12-31
811,FRII.TO,"04/22/2020, 06:35:47",1.33,25780000.0,41270000.0,18810000.0,2780000.0,0.0,0.0,0.0,31615.0,19088.0,22229.0,5770.0,2019-12-31,2019-12-31,2019-12-31
812,FRL-UN.TO,"04/22/2020, 06:36:03",6.36,0,0,0.0,0,0,0,0,0.0,0.0,0.0,0.0,Null,ttm,ttm
813,FRU.TO,"04/22/2020, 06:36:19",3.19,118620000.0,378410000.0,484570000.0,121710000.0,0.0,0.0,0.0,1199.0,132416.0,141487.0,105801.0,2019-12-31,2019-12-31,2019-12-31
814,FRX.TO,"04/22/2020, 06:36:34",10.22,19900000.0,203340000.0,189690000.0,-13010000.0,0.0,0,0.0,13650.0,2271.0,0.0,-9060.0,2019-12-31,2019-12-31,2019-12-31
815,FSB.TO,"04/22/2020, 06:36:51",9.88,0,0,0,0,0,0,0,0.0,0.0,0.0,0.0,Null,Null,Null
816,FSB-U.TO,"04/22/2020, 06:37:06",9.99,0,0,0,0,0,0,0,0.0,0.0,0.0,0.0,Null,Null,Null
817,FSF.TO,"04/22/2020, 06:37:22",12.85,0,0,0,0,0,0,0,0.0,0.0,0.0,0.0,Null,Null,Null
818,FSL.TO,"04/22/2020, 06:37:38",16.87,0,0,0,0,0,0,0,0.0,0.0,0.0,0.0,Null,Null,Null
819,FSL-A.TO,"04/22/2020, 06:37:55",16.89,0,0,0,0,0,0,0,0.0,0.0,0.0,0.0,Null,Null,Null
820,FSR.TO,"04/22/2020, 06:38:12",19.01,0,0,0,0,0,0,0,0.0,0.0,0.0,0.0,Null,Null,Null
821,FST.TO,"04/22/2020, 06:38:28",27.75,0,0,0,0,0,0,0,0.0,0.0,0.0,0.0,Null,Null,Null
822,FST-A.TO,"04/22/2020, 06:38:44",23.1,0,0,0,0,0,0,0,0.0,0.0,0.0,0.0,Null,Null,Null
823,FSV.TO,"04/22/2020, 06:39:00",114.29,41610000.0,4760000000.0,5900000000.0,227060000.0,0.0,0.0,0.0,121198.0,1529582.0,2407410.0,107808.0,2019-12-31,2019-12-31,2019-12-31
824,FSY.TO,"04/22/2020, 06:39:15",0.195,166900000.0,32549999.999999996,31840000.0,0.0,0.0,0,0.0,712.0,102.0,0.0,-461.0,2019-12-31,2019-12-31,2019-12-31
825,FSZ.TO,"04/22/2020, 06:39:31",7.2,81360000.0,725580000.0,1410000000.0,146550000.0,0.0,0.0,0.0,98876.0,1163056.0,651123.0,149799.0,2019-12-31,2019-12-31,2019-12-31
826,FSZ-DB.TO,"04/22/2020, 06:39:46",0,0,0,0,0,0,0,0,0.0,0.0,0.0,0.0,Null,Null,Null
827,FSZ-DB-A.TO,"04/22/2020, 06:40:03",0,0,0,0,0,0,0,0,0.0,0.0,0.0,0.0,Null,Null,Null
828,FT.TO,"04/22/2020, 06:40:18",0.05,359550000.0,17980000.0,24500000.0,-1520000.0,0.0,0.0,0.0,2105.0,11047.0,0.0,-1923.0,2019-12-31,2019-12-31,2019-12-31
829,FTB.TO,"04/22/2020, 06:40:34",15.66,0,0,0,0,0,0,0,0.0,0.0,0.0,0.0,Null,Null,Null
830,FTG.TO,"04/22/2020, 06:40:50",2.21,22720000.0,50200000.0,62420000.0,13140000.0,0.0,0.0,0.0,5026.0,28829.0,109420.0,11769.0,2018-11-30,2018-11-30,2018-11-30
831,FTN.TO,"04/22/2020, 06:41:05",4.52,43200000.0,195260000.0,-74410000.0,0,0,0.0,0.0,0.0,441200.0,85716.0,55002.0,2019-11-30,2019-11-30,2019-11-30
832,FTN-PR-A.TO,"04/22/2020, 06:41:23",0,0,0,0,0,0,0,0,0.0,0.0,0.0,0.0,Null,Null,Null
833,FTS.TO,"04/22/2020, 06:41:38",52.76,464200000.0,24490000000.0,51070000000.0,3820000000.0,0.0,0.0,0.0,370000.0,33291000.0,8783000.0,2663000.0,2019-12-31,2019-12-31,2019-12-31
834,FTS-PR-F.TO,"04/22/2020, 06:41:53",0,0,0,0,0,0,0,0,0.0,0.0,0.0,0.0,Null,Null,Null
835,FTS-PR-G.TO,"04/22/2020, 06:42:08",0,0,0,0,0,0,0,0,0.0,0.0,0.0,0.0,Null,Null,Null
836,FTS-PR-H.TO,"04/22/2020, 06:42:23",0,0,0,0,0,0,0,0,0.0,0.0,0.0,0.0,Null,Null,Null
837,FTS-PR-I.TO,"04/22/2020, 06:42:39",0,0,0,0,0,0,0,0,0.0,0.0,0.0,0.0,Null,Null,Null
838,FTS-PR-J.TO,"04/22/2020, 06:42:54",0,0,0,0,0,0,0,0,0.0,0.0,0.0,0.0,Null,Null,Null
839,FTS-PR-K.TO,"04/22/2020, 06:43:09",0,0,0,0,0,0,0,0,0.0,0.0,0.0,0.0,Null,Null,Null
840,FTS-PR-M.TO,"04/22/2020, 06:43:26",0,0,0,0,0,0,0,0,0.0,0.0,0.0,0.0,Null,Null,Null
841,FTT.TO,"04/22/2020, 06:43:42",16.01,163320000.0,2610000000.0,4460000000.0,626000000.0,0.0,0.0,0.0,268000.0,3875000.0,7817000.0,191000.0,2019-12-31,2019-12-31,2019-12-31
842,FTU.TO,"04/22/2020, 06:43:57",0.19,1900000.0,0.0,0.0,0,0,0,0.0,0.0,16300.0,1150.0,7580.0,2019-11-30,2019-11-30,2019-11-30
843,FTU-PR-B.TO,"04/22/2020, 06:44:12",0,0,0,0,0,0,0,0,0.0,0.0,0.0,0.0,Null,Null,Null
844,FUD.TO,"04/22/2020, 06:44:28",24.08,0,0,0,0,0,0,0,0.0,0.0,0.0,0.0,Null,Null,Null
845,FUD-A.TO,"04/22/2020, 06:44:45",24.06,0,0,0,0,0,0,0,0.0,0.0,0.0,0.0,Null,Null,Null
846,FVI.TO,"04/22/2020, 06:45:00",3.37,160290000.0,540180000.0,634500000.0,93280000.0,0.0,0.0,0.0,83404.0,300639.0,257187.0,63005.0,2019-12-31,2019-12-31,2019-12-31
847,FVI-DB-U.TO,"04/22/2020, 06:45:16",0,0,0,0,0,0,0,0,0.0,0.0,0.0,0.0,Null,Null,Null
848,FVL.TO,"04/22/2020, 06:45:32",0.085,220450000.0,18740000.0,17660000.0,0.0,0.0,0.0,0.0,1168.0,1365.0,0.0,-2.0,2019-12-31,2019-12-31,2019-12-31
849,FXC.TO,"04/22/2020, 06:45:47",3.2,16059999.999999998,137700000.0,-50290000.0,-1920000.0,0.0,0,0.0,187992.0,1974.0,544.0,-1378.0,2019-12-31,2019-12-31,2019-12-31
850,FXC-WT.TO,"04/22/2020, 06:46:03",0.14,0,0,0.0,0,0,0,0,0.0,0.0,0.0,0.0,Null,ttm,ttm
851,FXM.TO,"04/22/2020, 06:46:20",11.18,0,0,0,0,0,0,0,0.0,0.0,0.0,0.0,Null,Null,Null
852,GBT.TO,"04/22/2020, 06:46:37",6.99,34020000.0,237770000.0,256370000.0,44310000.0,0.0,0.0,0.0,12601.0,122882.0,740017.0,29147.0,2019-01-31,2019-01-31,2019-01-31
853,GC.TO,"04/22/2020, 06:46:54",24.7,55250000.0,1360000000.0,3000000000.0,487300000.0,0.0,0.0,0.0,329700.0,2190700.0,1355600.0,460900.0,2019-12-31,2019-12-31,2019-12-31
854,GC-DB.TO,"04/22/2020, 06:47:08",95.88,0,0,0.0,0,0,0,0,0.0,0.0,0.0,0.0,Null,ttm,ttm
855,GCG.TO,"04/22/2020, 06:47:24",18.5,2900000.0,519510000.0,471270000.0,63760000.0,0.0,0.0,0.0,141451.0,435762.0,291621.0,49112.0,2019-12-31,2019-12-31,2019-12-31
856,GCG-A.TO,"04/22/2020, 06:47:39",18.68,24940000.0,519510000.0,475870000.0,63760000.0,0.0,0.0,0.0,141451.0,435762.0,291621.0,49112.0,2019-12-31,2019-12-31,2019-12-31
857,GCL.TO,"04/22/2020, 06:47:55",0.28,101680000.0,28470000.0,104390000.0,18930000.0,0.0,0.0,0.0,0.0,161045.0,1060071.0,21998.0,2019-12-31,2019-12-31,2019-12-31
858,GCL-DB-A.TO,"04/22/2020, 06:48:11",0,0,0,0,0,0,0,0,0.0,0.0,0.0,0.0,Null,Null,Null
859,GCM.TO,"04/22/2020, 06:48:26",5.75,60810000.0,349670000.0,364070000.0,142230000.0,0.0,0.0,0.0,89999.0,241772.0,326480.0,103276.0,2019-12-31,2019-12-31,2019-12-31
860,GCM-NT-U.TO,"04/22/2020, 06:48:43",0,0,0,0,0,0,0,0,0.0,0.0,0.0,0.0,Null,Null,Null
861,GCM-WT-B.TO,"04/22/2020, 06:48:59",0,0,0,0,0,0,0,0,0.0,0.0,0.0,0.0,Null,Null,Null
862,GCT.TO,"04/22/2020, 06:49:15",0.17,4210000.0,27370000.0,159540000.0,1080000.0,0.0,0.0,0.0,0.0,134384.0,184790.0,5051.0,2019-12-31,2019-12-31,2019-12-31
863,GCT-C.TO,"04/22/2020, 06:49:30",0.09,296220000.0,27370000.0,135510000.0,1080000.0,0.0,0.0,0.0,0.0,134384.0,184790.0,5051.0,2019-12-31,2019-12-31,2019-12-31
864,GDC.TO,"04/22/2020, 06:49:47",1.03,42160000.0,43420000.0,97850000.0,0,0,0.0,0.0,16248.0,83373.0,68097.0,0.0,2019-12-31,2019-12-31,2019-12-31
865,GDG-UN.TO,"04/22/2020, 06:50:03",11.1,0,0,0.0,0,0,0,0,0.0,0.0,0.0,0.0,Null,ttm,ttm
866,GDI.TO,"04/22/2020, 06:50:18",30.19,11950000.0,646250000.0,822610000.0,58640000.0,0.0,0.0,0.0,3827.0,376765.0,1285102.0,66575.0,2019-12-31,2019-12-31,2019-12-31
867,GDI-DB.TO,"04/22/2020, 06:50:34",0,0,0,0,0,0,0,0,0.0,0.0,0.0,0.0,Null,Null,Null
868,GDL.TO,"04/22/2020, 06:50:49",4.2,8560000.0,35960000.0,104000000.0,9600000.0,0.0,0.0,0.0,2364.0,67173.0,449587.0,13408.0,2019-11-30,2019-11-30,2019-11-30
869,GDV.TO,"04/22/2020, 06:51:06",8.68,3550000.0,30810000.0,0.0,0,0,0,0,0.0,36425.0,16023.0,4422.0,2019-12-31,2019-12-31,2019-12-31
870,GDV-PR-A.TO,"04/22/2020, 06:51:21",0,0,0,0,0,0,0,0,0.0,0.0,0.0,0.0,Null,Null,Null
871,GEC-UN.TO,"04/22/2020, 06:51:36",11.62,0,0,0.0,0,0,0,0,0.0,0.0,0.0,0.0,Null,ttm,ttm
872,GEI.TO,"04/22/2020, 06:51:52",18.57,145680000.0,2710000000.0,4030000000.0000005,402330000.0,0.0,0.0,0.0,54707.0,2216080.0,7336322.0,368620.0,2019-12-31,2019-12-31,2019-12-31
873,GEI-DB.TO,"04/22/2020, 06:52:07",0,0,0,0,0,0,0,0,0.0,0.0,0.0,0.0,Null,Null,Null
874,GEO.TO,"04/22/2020, 06:52:24",1.33,44430000.0,59090000.0,52420000.0,19260000.0,0.0,0.0,0.0,10987.0,20921.0,87408.0,14657.0,2019-12-31,2019-12-31,2019-12-31
875,GFL.TO,"04/22/2020, 06:52:40",21.53,0,6980000000.0,87310000000.0,755450000.0,0.0,0.0,0.0,574797.0,9555870.0,3346851.0,251000.0,2019-12-31,2019-12-31,2019-12-31
876,GGA.TO,"04/22/2020, 06:52:55",0.025,185140000.0,4630000.0,5700000.0,0.0,0.0,0.0,0.0,931.0,8006.0,19369.0,1751.0,2019-12-31,2019-12-31,2019-12-31
877,GGD.TO,"04/22/2020, 06:53:12",0.69,222110000.0,153250000.0,125510000.0,2360000.0,0.0,0.0,0.0,7155.0,11931.0,26972.0,-11864.0,2019-09-30,2019-09-30,2019-09-30
878,GH.TO,"04/22/2020, 06:53:28",4.85,24300000.0,117860000.0,156530000.0,25800000.0,0.0,0.0,0.0,15400.0,58300.0,68100.0,19400.0,2019-12-31,2019-12-31,2019-12-31
879,GIB-A.TO,"04/22/2020, 06:53:44",81.84,240400000.0,22040000000.0,24790000000.0,2130000000.0,0.0,0.0,0.0,621874.0,5737643.0,12111236.0,1633919.0,2019-09-30,2019-09-30,2019-09-30
880,GIL.TO,"04/22/2020, 06:53:59",21.07,198190000.0,4179999999.9999995,5040000000.0,533820000.00000006,0.0,0.0,0.0,64126.0,1376576.0,2823901.0,361030.0,2019-12-31,2019-12-31,2019-12-31
881,GLG.TO,"04/22/2020, 06:54:15",0.24,37670000.0,9040000.0,80540000.0,-5730000.0,0.0,0,0.0,1494.0,159969.0,16583.0,1255.0,2018-12-31,2018-12-31,2018-12-31
882,GLO.TO,"04/22/2020, 06:54:30",0.58,145410000.0,84350000.0,80620000.0,-3420000.0,0.0,0.0,0.0,3891.0,647.0,239.0,-3150.0,2019-12-31,2019-12-31,2019-12-31
883,GMO.TO,"04/22/2020, 06:54:46",0.3,150100000.0,41140000.0,221480000.0,-5190000.0,0.0,0.0,0.0,2016.0,229217.0,0.0,-8954.0,2018-12-31,2018-12-31,2018-12-31
884,GMP.TO,"04/22/2020, 06:55:02",1.19,74160000.0,88250000.0,-362320000.0,0,0,0.0,0.0,516601.0,1155002.0,31547.0,2830.0,2019-12-31,2019-12-31,2019-12-31
885,GMP-PR-B.TO,"04/22/2020, 06:55:18",0,0,0,0,0,0,0,0,0.0,0.0,0.0,0.0,Null,Null,Null
886,GMP-PR-C.TO,"04/22/2020, 06:55:33",0,0,0,0,0,0,0,0,0.0,0.0,0.0,0.0,Null,Null,Null
887,GMX.TO,"04/22/2020, 06:55:49",0.355,54630000.0,19390000.0,16280000.000000002,0.0,0.0,0,0.0,3027.0,1170.0,2292.0,-1454.0,2019-12-31,2019-12-31,2019-12-31
888,GOLD.TO,"04/22/2020, 06:56:05",1.55,145700000.0,225830000.0,217700000.0,-6270000.0,0.0,0.0,0.0,6528.0,2629.0,0.0,-4624.0,2019-11-30,2019-11-30,2019-11-30
889,GOOS.TO,"04/22/2020, 06:56:21",29.97,58720000.0,3290000000.0,3730000000.0,243800000.0,0.0,0.0,0.0,88600.0,326300.0,830500.0,73400.0,2019-03-31,2019-03-31,2019-03-31
890,GPR.TO,"04/22/2020, 06:56:36",0.66,311950000.0,205890000.0,232720000.0,-8430000.0,0.0,0.0,0.0,36970.0,170243.0,198653.0,13787.0,2019-12-31,2019-12-31,2019-12-31
891,GRC.TO,"04/22/2020, 06:56:52",0.08,248790000.0,19900000.0,16070000.0,-1070000.0,0.0,0,0.0,3832.0,596.0,0.0,-1327.0,2019-12-31,2019-12-31,2019-12-31
892,GRT-UN.TO,"04/22/2020, 06:57:08",61.2,54050000.0,3310000000.0,4360000000.0,205440000.0,0.0,0.0,0.0,298677.0,1655846.0,273678.0,183431.0,2019-12-31,2019-12-31,2019-12-31
893,GSC.TO,"04/22/2020, 06:57:24",3.21,109600000.0,351830000.0,321450000.0,57210000.0,0.0,0,0.0,53367.0,406183.0,264737.0,22841.0,2019-12-31,2019-12-31,2019-12-31
894,GSV.TO,"04/22/2020, 06:57:38",0.77,278320000.0,214310000.0,218910000.0,-8820000.0,0.0,0.0,0.0,7261.0,4360.0,0.0,-6297.0,2019-12-31,2019-12-31,2019-12-31
895,GSY.TO,"04/22/2020, 06:57:54",36.75,14350000.0,527220000.0,1390000000.0,0,0,0.0,0.0,46341.0,986201.0,609383.0,-155869.0,2019-12-31,2019-12-31,2019-12-31
896,GSY-DB.TO,"04/22/2020, 06:58:10",0,0,0,0,0,0,0,0,0.0,0.0,0.0,0.0,Null,Null,Null
897,GTE.TO,"04/22/2020, 06:58:25",0.34,366980000.0,124770000.0,734670000.0,332650000.0,0.0,0.0,0.0,103042.0,1012054.0,570983.0,177665.0,2019-12-31,2019-12-31,2019-12-31
898,GTMS.TO,"04/22/2020, 06:58:40",1.93,58420000.0,112750000.0,140330000.0,-13490000.0,0.0,0.0,0.0,7948.0,34018.0,35686.0,-8554.0,2019-12-31,2019-12-31,2019-12-31
899,GUD.TO,"04/22/2020, 06:58:56",7.42,135380000.0,1000000000.0,756790000.0,0.0,0.0,0.0,0.0,430616.0,390197.0,47461.0,4596.0,2019-12-31,2019-12-31,2019-12-31
900,GUY.TO,"04/22/2020, 06:59:12",0.38,174560000.0,66330000.0,45210000.0,23750000.0,0.0,0.0,0.0,81988.0,91003.0,187890.0,55190.0,2018-12-31,2018-12-31,2018-12-31
901,GVC.TO,"04/22/2020, 06:59:27",0.37,125210000.0,46330000.0,93320000.0,0.0,0.0,0.0,0.0,5113.0,72875.0,184790.0,4214.0,2019-12-31,2019-12-31,2019-12-31
902,GWO.TO,"04/22/2020, 06:59:42",20.93,926340000.0,19390000000.0,-69100000000.0,3530000000.0,0.0,0.0,0.0,0.0,425624000.0,44698000.0,6110000.0,2019-12-31,2019-12-31,2019-12-31
903,GWO-PR-F.TO,"04/22/2020, 06:59:58",0,0,0,0,0,0,0,0,0.0,0.0,0.0,0.0,Null,Null,Null
904,GWO-PR-G.TO,"04/22/2020, 07:00:15",0,0,0,0,0,0,0,0,0.0,0.0,0.0,0.0,Null,Null,Null
905,GWO-PR-H.TO,"04/22/2020, 07:00:33",0,0,0,0,0,0,0,0,0.0,0.0,0.0,0.0,Null,Null,Null
906,GWO-PR-I.TO,"04/22/2020, 07:00:49",0,0,0,0,0,0,0,0,0.0,0.0,0.0,0.0,Null,Null,Null
907,GWO-PR-L.TO,"04/22/2020, 07:01:05",0,0,0,0,0,0,0,0,0.0,0.0,0.0,0.0,Null,Null,Null
908,GWO-PR-M.TO,"04/22/2020, 07:01:21",0,0,0,0,0,0,0,0,0.0,0.0,0.0,0.0,Null,Null,Null
909,GWO-PR-N.TO,"04/22/2020, 07:01:37",0,0,0,0,0,0,0,0,0.0,0.0,0.0,0.0,Null,Null,Null
910,GWO-PR-O.TO,"04/22/2020, 07:01:54",0,0,0,0,0,0,0,0,0.0,0.0,0.0,0.0,Null,Null,Null
911,GWO-PR-P.TO,"04/22/2020, 07:02:09",0,0,0,0,0,0,0,0,0.0,0.0,0.0,0.0,Null,Null,Null
912,GWO-PR-Q.TO,"04/22/2020, 07:02:24",0,0,0,0,0,0,0,0,0.0,0.0,0.0,0.0,Null,Null,Null
913,GWO-PR-R.TO,"04/22/2020, 07:02:39",0,0,0,0,0,0,0,0,0.0,0.0,0.0,0.0,Null,Null,Null
914,GWO-PR-S.TO,"04/22/2020, 07:02:56",0,0,0,0,0,0,0,0,0.0,0.0,0.0,0.0,Null,Null,Null
915,GWO-PR-T.TO,"04/22/2020, 07:03:12",0,0,0,0,0,0,0,0,0.0,0.0,0.0,0.0,Null,Null,Null
916,GWR.TO,"04/22/2020, 07:03:28",14.42,22540000.0,322460000.0,432260000.0,15310000.0,0.0,0.0,0.0,7513.0,241441.0,35471.0,11566.0,2019-12-31,2019-12-31,2019-12-31
917,GXE.TO,"04/22/2020, 07:03:45",0.14,217610000.0,30470000.0,107300000.0,52260000.0,0.0,0.0,0.0,0.0,179115.0,131989.0,49876.0,2019-12-31,2019-12-31,2019-12-31
918,H.TO,"04/22/2020, 07:04:00",25.35,596600000.0,15130000000.0,28810000000.0,2200000000.0,0.0,0.0,0.0,30000.0,17212000.0,6480000.0,1614000.0,2019-12-31,2019-12-31,2019-12-31
919,HAB.TO,"04/22/2020, 07:04:17",10.86,0,0,0,0,0,0,0,0.0,0.0,0.0,0.0,Null,Null,Null
920,HAC.TO,"04/22/2020, 07:04:35",18.39,0,0,0,0,0,0,0,0.0,0.0,0.0,0.0,Null,Null,Null
921,HAD.TO,"04/22/2020, 07:04:51",10.77,0,0,0,0,0,0,0,0.0,0.0,0.0,0.0,Null,Null,Null
922,HAF.TO,"04/22/2020, 07:05:08",7.05,0,0,0,0,0,0,0,0.0,0.0,0.0,0.0,Null,Null,Null
923,HAJ.TO,"04/22/2020, 07:05:25",10.4,0,0,0,0,0,0,0,0.0,0.0,0.0,0.0,Null,Null,Null
924,HAL.TO,"04/22/2020, 07:05:41",14.5,0,0,0,0,0,0,0,0.0,0.0,0.0,0.0,Null,Null,Null
925,HARC.TO,"04/22/2020, 07:05:58",19.94,0,0,0,0,0,0,0,0.0,0.0,0.0,0.0,Null,Null,Null
926,HAU.TO,"04/22/2020, 07:06:14",13.41,0,0,0,0,0,0,0,0.0,0.0,0.0,0.0,Null,Null,Null
927,HAU-U.TO,"04/22/2020, 07:06:30",9.45,0,0,0,0,0,0,0,0.0,0.0,0.0,0.0,Null,Null,Null
928,HAZ.TO,"04/22/2020, 07:06:48",22.23,0,0,0,0,0,0,0,0.0,0.0,0.0,0.0,Null,Null,Null
929,HBAL.TO,"04/22/2020, 07:07:04",10.31,0,0,0,0,0,0,0,0.0,0.0,0.0,0.0,Null,Null,Null
930,HBB.TO,"04/22/2020, 07:07:19",49.93,0,0,0,0,0,0,0,0.0,0.0,0.0,0.0,Null,Null,Null
931,HBD.TO,"04/22/2020, 07:07:36",7.86,0,0,0,0,0,0,0,0.0,0.0,0.0,0.0,Null,Null,Null
932,HBF.TO,"04/22/2020, 07:07:54",7.92,0,0,0,0,0,0,0,0.0,0.0,0.0,0.0,Null,Null,Null
933,HBF-B.TO,"04/22/2020, 07:08:09",9.01,0,0,0,0,0,0,0,0.0,0.0,0.0,0.0,Null,Null,Null
934,HBF-U.TO,"04/22/2020, 07:08:27",8.46,0,0,0,0,0,0,0,0.0,0.0,0.0,0.0,Null,Null,Null
935,HBG.TO,"04/22/2020, 07:08:44",13.62,0,0,0,0,0,0,0,0.0,0.0,0.0,0.0,Null,Null,Null
936,HBG-U.TO,"04/22/2020, 07:08:59",9.3,0,0,0,0,0,0,0,0.0,0.0,0.0,0.0,Null,Null,Null
937,HBGD.TO,"04/22/2020, 07:09:16",22.25,0,0,0,0,0,0,0,0.0,0.0,0.0,0.0,Null,Null,Null
938,HBGD-U.TO,"04/22/2020, 07:09:32",15.8,0,0,0,0,0,0,0,0.0,0.0,0.0,0.0,Null,Null,Null
939,HBL-UN.TO,"04/22/2020, 07:09:47",9.79,0.0,3890000.0,0.0,0,0,0,0,4616.0,36.0,1150.0,704.0,2019-12-31,2019-12-31,2019-12-31
940,HBLK.TO,"04/22/2020, 07:10:05",5.97,0,0,0,0,0,0,0,0.0,0.0,0.0,0.0,Null,Null,Null
941,HBM.TO,"04/22/2020, 07:10:22",2.94,261269999.99999997,768140000.0,1440000000.0,389440000.0,0.0,0.0,0.0,396146.0,2607838.0,1237439.0,310856.0,2019-12-31,2019-12-31,2019-12-31
942,HBP.TO,"04/22/2020, 07:10:37",1.56,132930000.0,207380000.0,198390000.0,-8590000.0,0.0,0,0.0,206.0,4221.0,0.0,-5531.0,2019-07-31,2019-07-31,2019-07-31
943,HBU.TO,"04/22/2020, 07:10:54",11.87,0,0,0,0,0,0,0,0.0,0.0,0.0,0.0,Null,Null,Null
944,HCB.TO,"04/22/2020, 07:11:12",11.18,0,0,0,0,0,0,0,0.0,0.0,0.0,0.0,Null,Null,Null
945,HCG.TO,"04/22/2020, 07:11:27",16.21,52950000.0,858420000.0,3250000000.0,0,0,0,0.0,0.0,17475802.0,455532.0,6024.0,2019-12-31,2019-12-31,2019-12-31
946,HCN.TO,"04/22/2020, 07:11:46",20.56,0,0,0,0,0,0,0,0.0,0.0,0.0,0.0,Null,Null,Null
947,HCON.TO,"04/22/2020, 07:12:02",10.72,0,0,0,0,0,0,0,0.0,0.0,0.0,0.0,Null,Null,Null
948,HCRE.TO,"04/22/2020, 07:12:20",18.2,0,0,0,0,0,0,0,0.0,0.0,0.0,0.0,Null,Null,Null
949,HDGE.TO,"04/22/2020, 07:12:37",16.0,0,0,0,0,0,0,0,0.0,0.0,0.0,0.0,Null,Null,Null
950,HDI.TO,"04/22/2020, 07:12:54",10.74,21340000.0,229180000.0,442000000.0,54350000.0,0.0,0.0,0.0,15118.0,286526.0,1171921.0,92804.0,2019-12-31,2019-12-31,2019-12-31
951,HE.TO,"04/22/2020, 07:13:09",0.01,194200000.0,1940000.0,5590000.0,0.0,0.0,0,0.0,606.0,31642.0,10710.0,2943.0,2019-03-31,2019-03-31,2019-03-31
952,HEA.TO,"04/22/2020, 07:13:27",14.61,0,0,0,0,0,0,0,0.0,0.0,0.0,0.0,Null,Null,Null
953,HEA-U.TO,"04/22/2020, 07:13:43",10.05,0,0,0,0,0,0,0,0.0,0.0,0.0,0.0,Null,Null,Null
954,HED.TO,"04/22/2020, 07:14:00",22.92,0,0,0,0,0,0,0,0.0,0.0,0.0,0.0,Null,Null,Null
955,HEE.TO,"04/22/2020, 07:14:17",3.48,0,0,0,0,0,0,0,0.0,0.0,0.0,0.0,Null,Null,Null
956,HEF.TO,"04/22/2020, 07:14:34",6.2,0,0,0,0,0,0,0,0.0,0.0,0.0,0.0,Null,Null,Null
957,HEJ.TO,"04/22/2020, 07:14:51",4.57,0,0,0,0,0,0,0,0.0,0.0,0.0,0.0,Null,Null,Null
958,HEMB.TO,"04/22/2020, 07:15:07",8.6,0,0,0,0,0,0,0,0.0,0.0,0.0,0.0,Null,Null,Null
959,HEP.TO,"04/22/2020, 07:15:25",31.8,0,0,0,0,0,0,0,0.0,0.0,0.0,0.0,Null,Null,Null
960,HERO.TO,"04/22/2020, 07:15:41",24.0,0,0,0,0,0,0,0,0.0,0.0,0.0,0.0,Null,Null,Null
961,HERS.TO,"04/22/2020, 07:15:57",15.11,0,0,0,0,0,0,0,0.0,0.0,0.0,0.0,Null,Null,Null
962,HEU.TO,"04/22/2020, 07:16:13",12.81,0,0,0,0,0,0,0,0.0,0.0,0.0,0.0,Null,Null,Null
963,HEW.TO,"04/22/2020, 07:16:29",10.05,0,0,0,0,0,0,0,0.0,0.0,0.0,0.0,Null,Null,Null
964,HEWB.TO,"04/22/2020, 07:16:45",15.97,0,0,0,0,0,0,0,0.0,0.0,0.0,0.0,Null,Null,Null
965,HEX.TO,"04/22/2020, 07:17:01",4.85,0,0,0,0,0,0,0,0.0,0.0,0.0,0.0,Null,Null,Null
966,HEXO.TO,"04/22/2020, 07:17:16",0.68,343920000.0,233860000.0,215660000.0,-152860000.0,0.0,0.0,0.0,139505.0,104284.0,47541.0,-128436.0,2019-07-31,2019-07-31,2019-07-31
967,HFA.TO,"04/22/2020, 07:17:32",11.05,0,0,0,0,0,0,0,0.0,0.0,0.0,0.0,Null,Null,Null
968,HFD.TO,"04/22/2020, 07:17:49",19.98,0,0,0,0,0,0,0,0.0,0.0,0.0,0.0,Null,Null,Null
969,HFMU.TO,"04/22/2020, 07:18:05",14.88,0,0,0,0,0,0,0,0.0,0.0,0.0,0.0,Null,Null,Null
970,HFMU-U.TO,"04/22/2020, 07:18:21",10.17,0,0,0,0,0,0,0,0.0,0.0,0.0,0.0,Null,Null,Null
971,HFP.TO,"04/22/2020, 07:18:37",6.15,0,0,0,0,0,0,0,0.0,0.0,0.0,0.0,Null,Null,Null
972,HFR.TO,"04/22/2020, 07:19:03",9.65,0,0,0,0,0,0,0,0.0,0.0,0.0,0.0,Null,Null,Null
973,HFU.TO,"04/22/2020, 07:19:18",21.92,0,0,0,0,0,0,0,0.0,0.0,0.0,0.0,Null,Null,Null
974,HFY.TO,"04/22/2020, 07:19:34",11.94,0,0,0,0,0,0,0,0.0,0.0,0.0,0.0,Null,Null,Null
975,HFY-U.TO,"04/22/2020, 07:19:50",8.6,0,0,0,0,0,0,0,0.0,0.0,0.0,0.0,Null,Null,Null
976,HGD.TO,"04/22/2020, 07:20:07",6.66,0,0,0,0,0,0,0,0.0,0.0,0.0,0.0,Null,Null,Null
977,HGGG.TO,"04/22/2020, 07:20:24",29.1,0,0,0,0,0,0,0,0.0,0.0,0.0,0.0,Null,Null,Null
978,HGI-UN.TO,"04/22/2020, 07:20:38",8.54,0,0,0,0,0,0,0,3458.0,24.0,512.0,279.0,2019-12-31,2019-12-31,2019-12-31
979,HGM.TO,"04/22/2020, 07:20:56",9.47,0,0,0,0,0,0,0,0.0,0.0,0.0,0.0,Null,Null,Null
980,HGR.TO,"04/22/2020, 07:21:12",7.89,0,0,0,0,0,0,0,0.0,0.0,0.0,0.0,Null,Null,Null
981,HGRO.TO,"04/22/2020, 07:21:28",9.2,0,0,0,0,0,0,0,0.0,0.0,0.0,0.0,Null,Null,Null
982,HGU.TO,"04/22/2020, 07:21:45",23.78,0,0,0,0,0,0,0,0.0,0.0,0.0,0.0,Null,Null,Null
983,HGY.TO,"04/22/2020, 07:22:02",5.43,0,0,0,0,0,0,0,0.0,0.0,0.0,0.0,Null,Null,Null
984,HHF.TO,"04/22/2020, 07:22:17",13.63,0,0,0,0,0,0,0,0.0,0.0,0.0,0.0,Null,Null,Null
985,HHL.TO,"04/22/2020, 07:22:35",7.45,0,0,0,0,0,0,0,0.0,0.0,0.0,0.0,Null,Null,Null
986,HHL-B.TO,"04/22/2020, 07:22:50",8.24,0,0,0,0,0,0,0,0.0,0.0,0.0,0.0,Null,Null,Null
987,HHL-U.TO,"04/22/2020, 07:23:06",7.63,0,0,0,0,0,0,0,0.0,0.0,0.0,0.0,Null,Null,Null
988,HIG.TO,"04/22/2020, 07:23:23",8.96,0,0,0,0,0,0,0,0.0,0.0,0.0,0.0,Null,Null,Null
989,HIG-U.TO,"04/22/2020, 07:23:40",9.2,0,0,0,0,0,0,0,0.0,0.0,0.0,0.0,Null,Null,Null
990,HII.TO,"04/22/2020, 07:23:56",8.4,0,0,0,0,0,0,0,0.0,0.0,0.0,0.0,Null,Null,Null
991,HIU.TO,"04/22/2020, 07:24:13",24.39,0,0,0,0,0,0,0,0.0,0.0,0.0,0.0,Null,Null,Null
992,HIX.TO,"04/22/2020, 07:24:29",6.0,0,0,0,0,0,0,0,0.0,0.0,0.0,0.0,Null,Null,Null
993,HLF.TO,"04/22/2020, 07:24:45",6.05,33380000.000000004,201970000.0,568140000.0,67120000.0,0.0,0.0,0.0,3380.0,552324.0,942224.0,51606.0,2019-12-31,2019-12-31,2019-12-31
994,HLPR.TO,"04/22/2020, 07:25:01",16.13,0,0,0,0,0,0,0,0.0,0.0,0.0,0.0,Null,Null,Null
995,HLS.TO,"04/22/2020, 07:25:16",19.5,30740000.0,605650000.0,667140000.0,27490000.0,0.0,0.0,0.0,47078.0,141472.0,54160.0,26408.0,2019-12-31,2019-12-31,2019-12-31
996,HMJI.TO,"04/22/2020, 07:25:33",43.6,0,0,0,0,0,0,0,0.0,0.0,0.0,0.0,Null,Null,Null
997,HMJU.TO,"04/22/2020, 07:25:49",20.13,0,0,0,0,0,0,0,0.0,0.0,0.0,0.0,Null,Null,Null
998,HMM-A.TO,"04/22/2020, 07:26:07",1.5,8560000.0,17000000.0,52850000.0,11050000.0,0.0,0.0,0.0,719.0,56672.0,148592.0,11707.0,2019-12-31,2019-12-31,2019-12-31
999,HMMJ.TO,"04/22/2020, 07:26:23",6.23,0,0,0,0,0,0,0,0.0,0.0,0.0,0.0,Null,Null,Null
1000,HMMJ-U.TO,"04/22/2020, 07:26:39",4.58,0,0,0,0,0,0,0,0.0,0.0,0.0,0.0,Null,Null,Null
1001,HMP.TO,"04/22/2020, 07:26:56",10.13,0,0,0,0,0,0,0,0.0,0.0,0.0,0.0,Null,Null,Null
1002,HND.TO,"04/22/2020, 07:27:12",11.8,0,0,0,0,0,0,0,0.0,0.0,0.0,0.0,Null,Null,Null
1003,HNL.TO,"04/22/2020, 07:27:27",0.315,165420000.0,52110000.0,186550000.0,21370000.0,0.0,0.0,0.0,0.0,243148.0,458096.0,40830.0,2019-12-31,2019-12-31,2019-12-31
1004,HNU.TO,"04/22/2020, 07:27:44",3.85,0,0,0,0,0,0,0,0.0,0.0,0.0,0.0,Null,Null,Null
1005,HNY.TO,"04/22/2020, 07:28:03",9.94,0,0,0,0,0,0,0,0.0,0.0,0.0,0.0,Null,Null,Null
1006,HOD.TO,"04/22/2020, 07:28:24",25.6,0,0,0,0,0,0,0,0.0,0.0,0.0,0.0,Null,Null,Null
1007,HOG.TO,"04/22/2020, 07:28:46",4.9,0,0,0,0,0,0,0,0.0,0.0,0.0,0.0,Null,Null,Null
1008,HOM-U.TO,"04/22/2020, 07:29:04",8.75,22310000.0,195230000.0,1040000000.0,52940000.0,0.0,0.0,0.0,36994.0,837697.0,111664.0,56862.0,2019-12-31,2019-12-31,2019-12-31
1009,HOM-UN.TO,"04/22/2020, 07:29:24",12.21,0,274390000.0,1040000000.0,52940000.0,0.0,0.0,0.0,36994.0,837697.0,111664.0,56862.0,2019-12-31,2019-12-31,2019-12-31
1010,HOT-DB-U.TO,"04/22/2020, 07:29:43",0,0,0,0,0,0,0,0,0.0,0.0,0.0,0.0,Null,Null,Null
1011,HOT-U.TO,"04/22/2020, 07:30:02",1.86,0,0,0.0,0,0,0,0,0.0,0.0,0.0,0.0,Null,ttm,ttm
1012,HOT-UN.TO,"04/22/2020, 07:30:20",2.085,78130000.0,162900000.0,911560000.0,75530000.0,0.0,0.0,0.0,17849.0,828023.0,269545.0,52593.0,2019-12-31,2019-12-31,2019-12-31
1013,HOU.TO,"04/22/2020, 07:30:36",2.32,0,0,0,0,0,0,0,0.0,0.0,0.0,0.0,Null,Null,Null
1014,HPF.TO,"04/22/2020, 07:30:52",2.05,0,0,0,0,0,0,0,0.0,0.0,0.0,0.0,Null,Null,Null
1015,HPF-U.TO,"04/22/2020, 07:31:08",2.21,0,0,0,0,0,0,0,0.0,0.0,0.0,0.0,Null,Null,Null
1016,HPR.TO,"04/22/2020, 07:31:25",6.32,0,0,0,0,0,0,0,0.0,0.0,0.0,0.0,Null,Null,Null
1017,HPS-A.TO,"04/22/2020, 07:31:40",6.1,8930000.0,71640000.0,92370000.0,24860000.0,0.0,0.0,0.0,23371.0,105186.0,358782.0,17810.0,2019-12-31,2019-12-31,2019-12-31
1018,HQD.TO,"04/22/2020, 07:31:57",13.44,0,0,0,0,0,0,0,0.0,0.0,0.0,0.0,Null,Null,Null
1019,HQD-U.TO,"04/22/2020, 07:32:14",9.3,0,0,0,0,0,0,0,0.0,0.0,0.0,0.0,Null,Null,Null
1020,HQU.TO,"04/22/2020, 07:32:34",18.48,0,0,0,0,0,0,0,0.0,0.0,0.0,0.0,Null,Null,Null
1021,HR-UN.TO,"04/22/2020, 07:32:49",9.05,286050000.0,2590000000.0,9290000000.0,0,0,0.0,0.0,48640.0,7439425.0,1149450.0,418039.0,2019-12-31,2019-12-31,2019-12-31
1022,HRA.TO,"04/22/2020, 07:33:04",10.1,0,0,0,0,0,0,0,0.0,0.0,0.0,0.0,Null,Null,Null
1023,HRES.TO,"04/22/2020, 07:33:21",9.82,0,0,0,0,0,0,0,0.0,0.0,0.0,0.0,Null,Null,Null
1024,HRR-UN.TO,"04/22/2020, 07:33:36",7.18,1240000.0,5840000.0,0.0,0,0,0,0,12759.0,3823.0,4329.0,7452.0,2019-12-31,2019-12-31,2019-12-31
1025,HRT.TO,"04/22/2020, 07:33:52",0.105,845610000.0,88790000.0,176740000.0,-14310000.0,0.0,0,0.0,2096.0,140942.0,49755.0,2163.0,2019-12-31,2019-12-31,2019-12-31
1026,HRX.TO,"04/22/2020, 07:34:07",11.44,36360000.0,415980000.0,671270000.0,86030000.0,0.0,0.0,0.0,35128.0,470642.0,483877.0,69969.0,2019-03-31,2019-03-31,2019-03-31
1027,HSAV.TO,"04/22/2020, 07:34:24",100.29,0,0,0,0,0,0,0,0.0,0.0,0.0,0.0,Null,Null,Null
1028,HSD.TO,"04/22/2020, 07:34:40",11.52,0,0,0,0,0,0,0,0.0,0.0,0.0,0.0,Null,Null,Null
1029,HSE.TO,"04/22/2020, 07:34:56",3.67,1010000000.0,3690000000.0,9780000000.0,2900000000.0,0.0,0.0,0.0,1775000.0,15826000.0,20306000.0,2971000.0,2019-12-31,2019-12-31,2019-12-31
1030,HSE-PR-A.TO,"04/22/2020, 07:35:11",0,0,0,0,0,0,0,0,0.0,0.0,0.0,0.0,Null,Null,Null
1031,HSE-PR-B.TO,"04/22/2020, 07:35:26",0,0,0,0,0,0,0,0,0.0,0.0,0.0,0.0,Null,Null,Null
1032,HSE-PR-C.TO,"04/22/2020, 07:35:42",0,0,0,0,0,0,0,0,0.0,0.0,0.0,0.0,Null,Null,Null
1033,HSE-PR-E.TO,"04/22/2020, 07:35:58",0,0,0,0,0,0,0,0,0.0,0.0,0.0,0.0,Null,Null,Null
1034,HSE-PR-G.TO,"04/22/2020, 07:36:14",0,0,0,0,0,0,0,0,0.0,0.0,0.0,0.0,Null,Null,Null
1035,HSH.TO,"04/22/2020, 07:36:29",66.39,0,0,0,0,0,0,0,0.0,0.0,0.0,0.0,Null,Null,Null
1036,HSL.TO,"04/22/2020, 07:36:46",8.96,0,0,0,0,0,0,0,0.0,0.0,0.0,0.0,Null,Null,Null
1037,HSM.TO,"04/22/2020, 07:37:02",0.465,38040000.0,17690000.0,10120000.0,-23710000.0,0.0,0.0,0.0,5459.0,4512.0,1496.0,-20999.0,2019-12-31,2019-12-31,2019-12-31
1038,HSU.TO,"04/22/2020, 07:37:19",22.42,0,0,0,0,0,0,0,0.0,0.0,0.0,0.0,Null,Null,Null
1039,HTA.TO,"04/22/2020, 07:37:36",10.06,0,0,0,0,0,0,0,0.0,0.0,0.0,0.0,Null,Null,Null
1040,HTA-B.TO,"04/22/2020, 07:37:54",10.54,0,0,0,0,0,0,0,0.0,0.0,0.0,0.0,Null,Null,Null
1041,HTA-U.TO,"04/22/2020, 07:38:10",10.38,0,0,0,0,0,0,0,0.0,0.0,0.0,0.0,Null,Null,Null
1042,HTB.TO,"04/22/2020, 07:38:26",69.63,0,0,0,0,0,0,0,0.0,0.0,0.0,0.0,Null,Null,Null
1043,HTB-U.TO,"04/22/2020, 07:38:41",49.4,0,0,0,0,0,0,0,0.0,0.0,0.0,0.0,Null,Null,Null
1044,HTH.TO,"04/22/2020, 07:38:58",56.18,0,0,0,0,0,0,0,0.0,0.0,0.0,0.0,Null,Null,Null
1045,HUBL.TO,"04/22/2020, 07:39:15",10.21,0,0,0,0,0,0,0,0.0,0.0,0.0,0.0,Null,Null,Null
1046,HUBL-U.TO,"04/22/2020, 07:39:31",10.52,0,0,0,0,0,0,0,0.0,0.0,0.0,0.0,Null,Null,Null
1047,HUC.TO,"04/22/2020, 07:39:47",6.52,0,0,0,0,0,0,0,0.0,0.0,0.0,0.0,Null,Null,Null
1048,HUF.TO,"04/22/2020, 07:40:04",13.67,0,0,0,0,0,0,0,0.0,0.0,0.0,0.0,Null,Null,Null
1049,HUF-U.TO,"04/22/2020, 07:40:21",9.68,0,0,0,0,0,0,0,0.0,0.0,0.0,0.0,Null,Null,Null
1050,HUG.TO,"04/22/2020, 07:40:38",14.66,0,0,0,0,0,0,0,0.0,0.0,0.0,0.0,Null,Null,Null
1051,HUIB.TO,"04/22/2020, 07:40:54",19.04,0,0,0,0,0,0,0,0.0,0.0,0.0,0.0,Null,Null,Null
1052,HUL.TO,"04/22/2020, 07:41:11",6.98,0,0,0,0,0,0,0,0.0,0.0,0.0,0.0,Null,Null,Null
1053,HUL-U.TO,"04/22/2020, 07:41:28",7.48,0,0,0,0,0,0,0,0.0,0.0,0.0,0.0,Null,Null,Null
1054,HULC.TO,"04/22/2020, 07:41:44",91.3,0,0,0,0,0,0,0,0.0,0.0,0.0,0.0,Null,Null,Null
1055,HULC-U.TO,"04/22/2020, 07:42:03",65.5,0,0,0,0,0,0,0,0.0,0.0,0.0,0.0,Null,Null,Null
1056,HUN.TO,"04/22/2020, 07:42:20",7.78,0,0,0,0,0,0,0,0.0,0.0,0.0,0.0,Null,Null,Null
1057,HURA.TO,"04/22/2020, 07:42:37",9.27,0,0,0,0,0,0,0,0.0,0.0,0.0,0.0,Null,Null,Null
1058,HUT.TO,"04/22/2020, 07:42:52",0.97,90440000.0,87720000.0,110850000.0,38960000.0,0.0,0.0,0.0,2946.0,28535.0,81990.0,14509.0,2019-12-31,2019-12-31,2019-12-31
1059,HUTL.TO,"04/22/2020, 07:43:08",17.39,0,0,0,0,0,0,0,0.0,0.0,0.0,0.0,Null,Null,Null
1060,HUV.TO,"04/22/2020, 07:43:25",82.49,0,0,0,0,0,0,0,0.0,0.0,0.0,0.0,Null,Null,Null
1061,HUZ.TO,"04/22/2020, 07:43:43",7.66,0,0,0,0,0,0,0,0.0,0.0,0.0,0.0,Null,Null,Null
1062,HWF.TO,"04/22/2020, 07:43:59",11.8,0,0,0,0,0,0,0,0.0,0.0,0.0,0.0,Null,Null,Null
1063,HWO.TO,"04/22/2020, 07:44:14",0.53,49620000.0,26300000.0,28200000.0,17500000.0,0.0,0.0,0.0,9300.0,46200.0,185500.0,12700.0,2019-12-31,2019-12-31,2019-12-31
1064,HWX.TO,"04/22/2020, 07:44:29",1.08,144330000.0,155870000.0,100970000.0,6810000.0,0.0,0.0,0.0,60957.0,13961.0,9333.0,8861.0,2019-12-31,2019-12-31,2019-12-31
1065,HXCN.TO,"04/22/2020, 07:44:46",19.93,0,0,0,0,0,0,0,0.0,0.0,0.0,0.0,Null,Null,Null
1066,HXD.TO,"04/22/2020, 07:45:04",19.36,0,0,0,0,0,0,0,0.0,0.0,0.0,0.0,Null,Null,Null
1067,HXDM.TO,"04/22/2020, 07:45:20",29.81,0,0,0,0,0,0,0,0.0,0.0,0.0,0.0,Null,Null,Null
1068,HXDM-U.TO,"04/22/2020, 07:45:37",21.16,0,0,0,0,0,0,0,0.0,0.0,0.0,0.0,Null,Null,Null
1069,HXE.TO,"04/22/2020, 07:45:54",7.0,0,0,0,0,0,0,0,0.0,0.0,0.0,0.0,Null,Null,Null
1070,HXF.TO,"04/22/2020, 07:46:10",36.1,0,0,0,0,0,0,0,0.0,0.0,0.0,0.0,Null,Null,Null
1071,HXH.TO,"04/22/2020, 07:46:27",25.08,0,0,0,0,0,0,0,0.0,0.0,0.0,0.0,Null,Null,Null
1072,HXQ.TO,"04/22/2020, 07:46:45",66.96,0,0,0,0,0,0,0,0.0,0.0,0.0,0.0,Null,Null,Null
1073,HXQ-U.TO,"04/22/2020, 07:47:02",47.2,0,0,0,0,0,0,0,0.0,0.0,0.0,0.0,Null,Null,Null
1074,HXS.TO,"04/22/2020, 07:47:19",75.54,0,0,0,0,0,0,0,0.0,0.0,0.0,0.0,Null,Null,Null
1075,HXS-U.TO,"04/22/2020, 07:47:35",53.49,0,0,0,0,0,0,0,0.0,0.0,0.0,0.0,Null,Null,Null
1076,HXT.TO,"04/22/2020, 07:47:51",31.69,0,0,0,0,0,0,0,0.0,0.0,0.0,0.0,Null,Null,Null
1077,HXT-U.TO,"04/22/2020, 07:48:08",22.8,0,0,0,0,0,0,0,0.0,0.0,0.0,0.0,Null,Null,Null
1078,HXU.TO,"04/22/2020, 07:48:24",26.74,0,0,0,0,0,0,0,0.0,0.0,0.0,0.0,Null,Null,Null
1079,HXX.TO,"04/22/2020, 07:48:41",26.92,0,0,0,0,0,0,0,0.0,0.0,0.0,0.0,Null,Null,Null
1080,HYI.TO,"04/22/2020, 07:48:57",8.05,0,0,0,0,0,0,0,0.0,0.0,0.0,0.0,Null,Null,Null
1081,HZD.TO,"04/22/2020, 07:49:14",6.0,0,0,0,0,0,0,0,0.0,0.0,0.0,0.0,Null,Null,Null
1082,HZM.TO,"04/22/2020, 07:49:30",0.04,1450000000.0,59640000.0,57860000.0,0,0,0.0,0.0,17760.0,27713.0,0.0,-2404.0,2019-12-31,2019-12-31,2019-12-31
1083,HZU.TO,"04/22/2020, 07:49:46",8.13,0,0,0,0,0,0,0,0.0,0.0,0.0,0.0,Null,Null,Null
1084,IAF-PR-B.TO,"04/22/2020, 07:50:02",0,0,0,0,0,0,0,0,0.0,0.0,0.0,0.0,Null,Null,Null
1085,IAF-PR-G.TO,"04/22/2020, 07:50:17",0,0,0,0,0,0,0,0,0.0,0.0,0.0,0.0,Null,Null,Null
1086,IAF-PR-I.TO,"04/22/2020, 07:50:34",0,0,0,0,0,0,0,0,0.0,0.0,0.0,0.0,Null,Null,Null
1087,IAG.TO,"04/22/2020, 07:50:49",41.7,108580000.0,4530000000.0,6080000000.0,1120000000.0,0.0,0.0,0.0,0.0,67018000.0,15305000.0,418000.0,2019-12-31,2019-12-31,2019-12-31
1088,IBG.TO,"04/22/2020, 07:51:05",3.72,31240000.0,116210000.0,288820000.0,45120000.0,0.0,0.0,0.0,15628.0,266765.0,460458.0,50158.0,2019-12-31,2019-12-31,2019-12-31
1089,IBG-DB-D.TO,"04/22/2020, 07:51:21",0,0,0,0,0,0,0,0,0.0,0.0,0.0,0.0,Null,Null,Null
1090,ICE.TO,"04/22/2020, 07:51:36",3.42,13340000.0,45610000.0,94660000.0,12110000.0,0.0,0.0,0.0,15648.0,92779.0,88341.0,8899.0,2019-12-31,2019-12-31,2019-12-31
1091,ICPB.TO,"04/22/2020, 07:51:54",9.65,0,0,0,0,0,0,0,0.0,0.0,0.0,0.0,Null,Null,Null
1092,IDG.TO,"04/22/2020, 07:52:11",2.0,27270000.0,54550000.0,430180000.0,-5340000.0,0.0,0.0,0.0,126847.0,240348.0,1046824.0,-2792.0,2019-03-31,2019-03-31,2019-03-31
1093,IDR.TO,"04/22/2020, 07:52:27",12.27,0,0,0,0,0,0,0,0.0,0.0,0.0,0.0,Null,Null,Null
1094,IEMB.TO,"04/22/2020, 07:52:44",8.67,0,0,0,0,0,0,0,0.0,0.0,0.0,0.0,Null,Null,Null
1095,IFA.TO,"04/22/2020, 07:52:59",2.7,26210000.0,70770000.0,69640000.0,-1130000.0,0.0,0.0,0.0,2288.0,2715.0,10435.0,-689.0,2019-09-30,2019-09-30,2019-09-30
1096,IFC.TO,"04/22/2020, 07:53:14",130.17,143020000.0,18620000000.0,21490000000.0,4370000000.0,0.0,0.0,0.0,0.0,23545000.0,11372000.0,1290000.0,2019-12-31,2019-12-31,2019-12-31
1097,IFC-PR-A.TO,"04/22/2020, 07:53:30",0,0,0,0,0,0,0,0,0.0,0.0,0.0,0.0,Null,Null,Null
1098,IFC-PR-C.TO,"04/22/2020, 07:53:45",0,0,0,0,0,0,0,0,0.0,0.0,0.0,0.0,Null,Null,Null
1099,IFC-PR-D.TO,"04/22/2020, 07:54:02",0,0,0,0,0,0,0,0,0.0,0.0,0.0,0.0,Null,Null,Null
1100,IFC-PR-E.TO,"04/22/2020, 07:54:19",0,0,0,0,0,0,0,0,0.0,0.0,0.0,0.0,Null,Null,Null
1101,IFC-PR-F.TO,"04/22/2020, 07:54:35",0,0,0,0,0,0,0,0,0.0,0.0,0.0,0.0,Null,Null,Null
1102,IFC-PR-G.TO,"04/22/2020, 07:54:51",0,0,0,0,0,0,0,0,0.0,0.0,0.0,0.0,Null,Null,Null
1103,IFC-PR-I.TO,"04/22/2020, 07:55:07",0,0,0,0,0,0,0,0,0.0,0.0,0.0,0.0,Null,Null,Null
1104,IFP.TO,"04/22/2020, 07:55:24",6.47,67260000.0,435170000.0,697850000.0,92170000.0,0.0,0.0,0.0,34900.0,510935.0,1875821.0,28252.0,2019-12-31,2019-12-31,2019-12-31
1105,IFRF.TO,"04/22/2020, 07:55:40",8.99,0,0,0,0,0,0,0,0.0,0.0,0.0,0.0,Null,Null,Null
1106,IGAF.TO,"04/22/2020, 07:55:56",10.35,0,0,0,0,0,0,0,0.0,0.0,0.0,0.0,Null,Null,Null
1107,IGB.TO,"04/22/2020, 07:56:12",18.03,0,0,0,0,0,0,0,0.0,0.0,0.0,0.0,Null,Null,Null
1108,IGCF.TO,"04/22/2020, 07:56:28",19.91,0,0,0,0,0,0,0,0.0,0.0,0.0,0.0,Null,Null,Null
1109,IGLB.TO,"04/22/2020, 07:56:45",9.32,0,0,0,0,0,0,0,0.0,0.0,0.0,0.0,Null,Null,Null
1110,IGM.TO,"04/22/2020, 07:57:00",25.84,238270000.0,6160000000.0,7270000000.0,1280000000.0,0.0,0.0,0.0,720005.0,10892381.0,3232606.0,712066.0,2019-12-31,2019-12-31,2019-12-31
1111,III.TO,"04/22/2020, 07:57:15",1.42,128490000.00000001,182460000.0,96280000.0,-7900000.0,0.0,0.0,0.0,89992.0,323434.0,71823.0,-18155.0,2019-12-31,2019-12-31,2019-12-31
1112,IIP-UN.TO,"04/22/2020, 07:57:31",13.6,121190000.0,1650000000.0,2620000000.0,70950000.0,0.0,0.0,0.0,753.0,1069920.0,145302.0,72588.0,2019-12-31,2019-12-31,2019-12-31
1113,ILV.TO,"04/22/2020, 07:57:47",20.56,0,0,0,0,0,0,0,0.0,0.0,0.0,0.0,Null,Null,Null
1114,ILV-F.TO,"04/22/2020, 07:58:04",17.81,0,0,0,0,0,0,0,0.0,0.0,0.0,0.0,Null,Null,Null
1115,IMG.TO,"04/22/2020, 07:58:19",4.44,470300000.0,2089999999.9999998,1790000000.0,137100000.0,0.0,0.0,0.0,841200.0,1443300.0,1065300.0,363000.0,2019-12-31,2019-12-31,2019-12-31
1116,IMO.TO,"04/22/2020, 07:58:34",17.34,744000000.0,12820000000.0,16559999999.999998,3640000000.0,0.0,0.0,0.0,1718000.0,17911000.0,34002000.0,4429000.0,2019-12-31,2019-12-31,2019-12-31
1117,IMP.TO,"04/22/2020, 07:58:50",0.17,17270000.0,2940000.0,35600000.0,-1600000.0,0.0,0,0.0,1284.0,34226.0,15820.0,-3871.0,2018-12-31,2018-12-31,2018-12-31
1118,IMV.TO,"04/22/2020, 07:59:06",2.57,51030000.0,131139999.99999999,124800000.0,-26260000.0,0.0,0.0,0.0,14066.0,15986.0,568.0,-27288.0,2019-12-31,2019-12-31,2019-12-31
1119,IN.TO,"04/22/2020, 07:59:22",0.19,172280000.0,32729999.999999996,21270000.0,-14550000.0,0.0,0.0,0.0,18039.0,1563.0,0.0,-8769.0,2019-06-30,2019-06-30,2019-06-30
1120,IN-WT.TO,"04/22/2020, 07:59:38",0,0,0,0,0,0,0,0,0.0,0.0,0.0,0.0,Null,Null,Null
1121,INC-UN.TO,"04/22/2020, 07:59:53",5.25,2320000.0,12200000.0,11680000.0,0,0,0,0.0,19138.0,254.0,4122.0,2171.0,2019-12-31,2019-12-31,2019-12-31
1122,INE.TO,"04/22/2020, 08:00:09",18.02,174040000.0,3140000000.0,8050000000.000001,505240000.0,0.0,0.0,0.0,156224.0,5756778.0,557042.0,240065.0,2019-12-31,2019-12-31,2019-12-31
1123,INE-DB-B.TO,"04/22/2020, 08:00:25",0,0,0,0,0,0,0,0,0.0,0.0,0.0,0.0,Null,Null,Null
1124,INE-DB-C.TO,"04/22/2020, 08:00:43",0,0,0,0,0,0,0,0,0.0,0.0,0.0,0.0,Null,Null,Null
1125,INE-PR-A.TO,"04/22/2020, 08:00:58",0,0,0,0,0,0,0,0,0.0,0.0,0.0,0.0,Null,Null,Null
1126,INE-PR-C.TO,"04/22/2020, 08:01:14",0,0,0,0,0,0,0,0,0.0,0.0,0.0,0.0,Null,Null,Null
1127,INF-UN.TO,"04/22/2020, 08:01:31",9.74,0,0,0.0,0,0,0,0,0.0,0.0,0.0,0.0,Null,ttm,ttm
1128,INO-UN.TO,"04/22/2020, 08:01:48",6.78,28890000.0,195860000.0,434820000.0,0,0,0.0,0.0,83409.0,377062.0,33937.0,23494.0,2019-12-31,2019-12-31,2019-12-31
1129,INOC.TO,"04/22/2020, 08:02:04",8.58,0,0,0,0,0,0,0,0.0,0.0,0.0,0.0,Null,Null,Null
1130,INV.TO,"04/22/2020, 08:02:21",0.31,136190000.0,42220000.0,29560000.0,-3020000.0,0.0,0.0,0.0,13306.0,1957.0,0.0,-2436.0,2019-12-31,2019-12-31,2019-12-31
1131,IPCI.TO,"04/22/2020, 08:02:36",0.2,23680000.0,4740000.0,6580000.0,-7330000.0,0.0,0,0.0,64.0,7489.0,3481.0,-6664.0,2019-11-30,2019-11-30,2019-11-30
1132,IPCO.TO,"04/22/2020, 08:02:52",1.85,155340000.0,287000000.0,543710000.0,286330000.0,0.0,0.0,0.0,15571.0,573832.0,583898.0,270641.0,2019-12-31,2019-12-31,2019-12-31
1133,IPL.TO,"04/22/2020, 08:03:08",10.2,416600000.0,4290000000.0,11220000000.0,1030000000.0,0.0,0.0,0.0,32600.0,8862100.0,2535300.0,841100.0,2019-12-31,2019-12-31,2019-12-31
1134,IPLP.TO,"04/22/2020, 08:03:25",4.52,53560000.0,242110000.0,550310000.0,87610000.0,0.0,0.0,0.0,77731.0,528913.0,605068.0,89317.0,2019-12-31,2019-12-31,2019-12-31
1135,IPO.TO,"04/22/2020, 08:03:42",0.065,68260000.0,4440000.0,59130000.0,33490000.000000004,0.0,0.0,0.0,0.0,140398.0,75025.0,27669.0,2019-12-31,2019-12-31,2019-12-31
1136,IQD.TO,"04/22/2020, 08:03:58",23.78,0,0,0,0,0,0,0,0.0,0.0,0.0,0.0,Null,Null,Null
1137,IQD-B.TO,"04/22/2020, 08:04:14",23.21,0,0,0,0,0,0,0,0.0,0.0,0.0,0.0,Null,Null,Null
1138,IRON.TO,"04/22/2020, 08:04:32",0.08,139350000.0,11150000.0,37280000.0,-3250000.0,0.0,0.0,0.0,7035.0,27412.0,0.0,-3429.0,2018-12-31,2018-12-31,2018-12-31
1139,ISIF.TO,"04/22/2020, 08:04:49",8.84,0,0,0,0,0,0,0,0.0,0.0,0.0,0.0,Null,Null,Null
1140,ISV.TO,"04/22/2020, 08:05:04",14.12,17500000.0,247100000.0,252110000.0,34580000.0,0.0,0.0,0.0,24206.0,57338.0,132968.0,23630.0,2019-12-31,2019-12-31,2019-12-31
1141,ITH.TO,"04/22/2020, 08:05:19",0.6,187570000.0,112540000.0,101860000.0,-3480000.0,0.0,0,0.0,6938.0,335.0,0.0,-3660.0,2019-12-31,2019-12-31,2019-12-31
1142,ITP.TO,"04/22/2020, 08:05:36",11.51,59010000.0,679200000.0,1230000000.0,149450000.0,0.0,0.0,0.0,7047.0,753512.0,1158519.0,135012.0,2019-12-31,2019-12-31,2019-12-31
1143,IVN.TO,"04/22/2020, 08:05:52",2.54,1200000000.0,3040000000.0,2300000000.0,-51140000.0,0.0,0.0,0.0,703950.0,81868.0,0.0,-12147.0,2019-12-31,2019-12-31,2019-12-31
1144,IVQ.TO,"04/22/2020, 08:06:07",2.8,0,0,1320000000.0,83290000.0,0.0,0.0,0.0,0.0,0.0,0.0,0.0,Null,ttm,ttm
1145,IVQ-DB-U.TO,"04/22/2020, 08:06:24",0,0,0,0,0,0,0,0,0.0,0.0,0.0,0.0,Null,Null,Null
1146,IVQ-DB-V.TO,"04/22/2020, 08:06:39",0,0,0,0,0,0,0,0,0.0,0.0,0.0,0.0,Null,Null,Null
1147,IVQ-U.TO,"04/22/2020, 08:06:55",1.98,0,107860000.0,0.0,0,0,0,0,11838.0,1150594.0,141665.0,16170.0,2019-12-31,2019-12-31,2019-12-31
1148,JAG.TO,"04/22/2020, 08:07:13",0.265,723930000.0,191840000.0,193120000.0,19840000.0,0.0,0.0,0.0,10924.0,72335.0,97234.0,24366.0,2019-12-31,2019-12-31,2019-12-31
1149,JAPN.TO,"04/22/2020, 08:07:30",18.71,0,0,0,0,0,0,0,0.0,0.0,0.0,0.0,Null,Null,Null
1150,JAPN-B.TO,"04/22/2020, 08:07:46",20.71,0,0,0,0,0,0,0,0.0,0.0,0.0,0.0,Null,Null,Null
1151,JE.TO,"04/22/2020, 08:08:02",0.6,151590000.0,90960000.0,992630000.0,58850000.0,0.0,0,0.0,9927.0,1715518.0,3812470.0,-44455.0,2019-03-31,2019-03-31,2019-03-31
1152,JE-DB-C.TO,"04/22/2020, 08:08:18",0,0,0,0,0,0,0,0,0.0,0.0,0.0,0.0,Null,Null,Null
1153,JE-DB-D.TO,"04/22/2020, 08:08:34",0,0,0,0,0,0,0,0,0.0,0.0,0.0,0.0,Null,Null,Null
1154,JE-PR-U.TO,"04/22/2020, 08:08:51",0,0,0,0,0,0,0,0,0.0,0.0,0.0,0.0,Null,Null,Null
1155,JFS-UN.TO,"04/22/2020, 08:09:07",13.25,0,0,0.0,0,0,0,0,0.0,0.0,0.0,0.0,Null,ttm,ttm
1156,JOSE.TO,"04/22/2020, 08:09:23",0.69,251140000.0,173290000.0,184330000.0,-40320000.0,0.0,0,0.0,4141.0,35087.0,0.0,-35209.0,2019-12-31,2019-12-31,2019-12-31
1157,JOY.TO,"04/22/2020, 08:09:38",0.34,43090000.0,14650000.0,132919999.99999999,31800000.0,0.0,0.0,0.0,0.0,313030.0,112365.0,27748.0,2019-12-31,2019-12-31,2019-12-31
1158,JWEL.TO,"04/22/2020, 08:09:55",31.18,38990000.0,1220000000.0,1350000000.0,64360000.0,0.0,0.0,0.0,198.0,302607.0,344980.0,16396.0,2019-12-31,2019-12-31,2019-12-31
1159,K.TO,"04/22/2020, 08:10:10",8.81,1250000000.0,11050000000.0,11980000000.0,1360000000.0,0.0,0.0,0.0,575100.0,3743400.0,3497300.0,1224900.0,2019-12-31,2019-12-31,2019-12-31
1160,KAT.TO,"04/22/2020, 08:10:26",0.075,61200000000.0,4590000000.0,7150000000.0,-21970000.0,0.0,0.0,0.0,207763.0,2959034.0,1386313.0,-114544.0,2019-12-31,2019-12-31,2019-12-31
1161,KBL.TO,"04/22/2020, 08:10:43",27.85,10560000.0,294090000.0,397540000.0,47560000.0,0.0,0.0,0.0,2827.0,123569.0,239534.0,17554.0,2018-12-31,2018-12-31,2018-12-31
1162,KEG-UN.TO,"04/22/2020, 08:10:58",8.56,11350000.0,97190000.0,233400000.0,0,0,0.0,0.0,2064.0,143402.0,29694.0,24377.0,2019-12-31,2019-12-31,2019-12-31
1163,KEL.TO,"04/22/2020, 08:11:14",1.11,187790000.0,208440000.0,571290000.0,184630000.0,0.0,0.0,0.0,8365.0,682403.0,394356.0,162488.0,2019-12-31,2019-12-31,2019-12-31
1164,KEL-DB.TO,"04/22/2020, 08:11:31",0,0,0,0,0,0,0,0,0.0,0.0,0.0,0.0,Null,Null,Null
1165,KER.TO,"04/22/2020, 08:11:46",0.135,310340000.0,41900000.0,50560000.0,-5770000.0,0.0,0.0,0.0,448.0,16953.0,0.0,-7548.0,2019-06-30,2019-06-30,2019-06-30
1166,KEY.TO,"04/22/2020, 08:12:04",16.67,217920000.0,3630000000.0,6670000000.0,838640000.0,0.0,0.0,0.0,9314.0,4460337.0,3616922.0,887935.0,2019-12-31,2019-12-31,2019-12-31
1167,KILO.TO,"04/22/2020, 08:12:21",26.47,0,0,0,0,0,0,0,0.0,0.0,0.0,0.0,Null,Null,Null
1168,KILO-B.TO,"04/22/2020, 08:12:37",29.24,0,0,0,0,0,0,0,0.0,0.0,0.0,0.0,Null,Null,Null
1169,KILO-U.TO,"04/22/2020, 08:12:54",26.74,0,0,0,0,0,0,0,0.0,0.0,0.0,0.0,Null,Null,Null
1170,KL.TO,"04/22/2020, 08:13:11",51.95,286840000.0,14400000000.0,10210000000.0,975390000.0,0.0,0.0,0.0,707206.0,740863.0,1379988.0,919390.0,2019-12-31,2019-12-31,2019-12-31
1171,KLS.TO,"04/22/2020, 08:13:27",0.73,47170000.0,34430000.0,30190000.0,3930000.0,0.0,0.0,0.0,4418.0,1886.0,20551.0,3619.0,2019-12-31,2019-12-31,2019-12-31
1172,KMP-UN.TO,"04/22/2020, 08:13:43",15.9,97570000.0,1550000000.0,3020000000.0,136120000.0,0.0,0.0,0.0,12801.0,1777733.0,241749.0,95208.0,2019-12-31,2019-12-31,2019-12-31
1173,KOR.TO,"04/22/2020, 08:13:59",1.76,123990000.0,218220000.0,209840000.0,-11690000.0,0.0,0.0,0.0,4145.0,764.0,0.0,-9402.0,2019-05-31,2019-05-31,2019-05-31
1174,KPT.TO,"04/22/2020, 08:14:14",9.64,9580000.0,92320000.0,93130000.0,0,0,0,0.0,0.0,5915.0,0.0,0.0,2019-12-31,2019-12-31,2019-12-31
1175,KRN.TO,"04/22/2020, 08:14:32",0.15,42170000.0,6330000.0,-1120000.0,-2440000.0,0.0,0.0,0.0,7520.0,2549.0,0.0,-2226.0,2019-12-31,2019-12-31,2019-12-31
1176,KXS.TO,"04/22/2020, 08:14:47",125.73,26230000.0,3320000000.0,3120000000.0,40570000.0,0.0,0.0,0.0,212603.0,120641.0,191549.0,36599.0,2019-12-31,2019-12-31,2019-12-31
1177,L.TO,"04/22/2020, 08:15:03",72.89,362310000.0,26250000000.0,42230000000.0,3550000000.0,0.0,0.0,0.0,2398000.0,24988000.0,48037000.0,3960000.0,2019-12-31,2019-12-31,2019-12-31
1178,L-PR-B.TO,"04/22/2020, 08:15:18",0,0,0,0,0,0,0,0,0.0,0.0,0.0,0.0,Null,Null,Null
1179,LABS.TO,"04/22/2020, 08:15:34",1.81,131530000.0,238060000.0,213770000.0,9710000.0,0.0,0.0,0.0,38627.0,37603.0,129252.0,-25265.0,2019-12-31,2019-12-31,2019-12-31
1180,LAC.TO,"04/22/2020, 08:15:50",3.99,89960000.0,358960000.0,438750000.0,-18530000.0,0.0,0.0,0.0,83614.0,134178.0,0.0,-17647.0,2019-12-31,2019-12-31,2019-12-31
1181,LAM.TO,"04/22/2020, 08:16:06",0.31,165410000.0,51280000.0,55750000.0,-1670000.0,0.0,0.0,0.0,1408.0,19545.0,0.0,-4161.0,2018-12-31,2018-12-31,2018-12-31
1182,LAS-A.TO,"04/22/2020, 08:16:24",142.0,3180000.0,984560000.0,1350000000.0,155090000.0,0.0,0.0,0.0,1767.0,575407.0,1678301.0,140731.0,2019-12-31,2019-12-31,2019-12-31
1183,LB.TO,"04/22/2020, 08:16:39",29.42,42750000.0,1260000000.0,6160000000.0,0,0,0,0.0,0.0,41785466.0,968510.0,-270099.0,2019-10-31,2019-10-31,2019-10-31
1184,LB-PR-H.TO,"04/22/2020, 08:16:55",0,0,0,0,0,0,0,0,0.0,0.0,0.0,0.0,Null,Null,Null
1185,LB-PR-J.TO,"04/22/2020, 08:17:10",0,0,0,0,0,0,0,0,0.0,0.0,0.0,0.0,Null,Null,Null
1186,LBS.TO,"04/22/2020, 08:17:26",4.1,27300000.0,111910000.0,-110820000.0,0,0,0.0,0.0,0.0,279857.0,101840.0,7031.0,2019-12-31,2019-12-31,2019-12-31
1187,LBS-PR-A.TO,"04/22/2020, 08:17:42",0,0,0,0,0,0,0,0,0.0,0.0,0.0,0.0,Null,Null,Null
1188,LCS.TO,"04/22/2020, 08:17:58",2.08,6330000.0,13160000.0,-29570000.0,0,0,0.0,0.0,0.0,64560.0,33589.0,16171.0,2019-12-31,2019-12-31,2019-12-31
1189,LCS-PR-A.TO,"04/22/2020, 08:18:13",0,0,0,0,0,0,0,0,0.0,0.0,0.0,0.0,Null,Null,Null
1190,LFE.TO,"04/22/2020, 08:18:30",1.63,13940000.0,22720000.0,-47830000.0,0,0,0.0,0.0,209961.0,141935.0,36955.0,20189.0,2019-11-30,2019-11-30,2019-11-30
1191,LFE-PR-B.TO,"04/22/2020, 08:18:45",0,0,0,0,0,0,0,0,0.0,0.0,0.0,0.0,Null,Null,Null
1192,LGD.TO,"04/22/2020, 08:19:01",1.15,236990000.0,275170000.0,279660000.0,-11190000.0,0.0,0.0,0.0,14464.0,7401.0,0.0,-5945.0,2019-12-31,2019-12-31,2019-12-31
1193,LGO.TO,"04/22/2020, 08:19:17",0.78,554530000.0,432540000.0,273040000.0,11470000.0,0.0,0,0.0,166077.0,111551.0,140012.0,139282.0,2019-12-31,2019-12-31,2019-12-31
1194,LGT-A.TO,"04/22/2020, 08:19:35",31.38,7380000.0,394150000.0,648010000.0,70510000.0,0.0,0.0,0.0,22608.0,453724.0,639942.0,71281.0,2019-12-31,2019-12-31,2019-12-31
1195,LGT-B.TO,"04/22/2020, 08:19:51",30.1,5400000.0,394140000.0,631660000.0,70510000.0,0.0,0.0,0.0,22608.0,453724.0,639942.0,71281.0,2019-12-31,2019-12-31,2019-12-31
1196,LIF.TO,"04/22/2020, 08:20:07",19.7,64000000.0,1260000000.0,1180000000.0,0,0,0,0.0,77859.0,205689.0,177137.0,224564.0,2019-12-31,2019-12-31,2019-12-31
1197,LIFE.TO,"04/22/2020, 08:20:25",20.88,0,0,0,0,0,0,0,0.0,0.0,0.0,0.0,Null,Null,Null
1198,LIFE-B.TO,"04/22/2020, 08:20:43",24.18,0,0,0,0,0,0,0,0.0,0.0,0.0,0.0,Null,Null,Null
1199,LIFE-U.TO,"04/22/2020, 08:21:00",20.14,0,0,0,0,0,0,0,0.0,0.0,0.0,0.0,Null,Null,Null
1200,LMNL.TO,"04/22/2020, 08:21:16",11.4,23310000.0,265769999.99999997,245520000.0,-113710000.0,0.0,0.0,0.0,61285.0,70164.0,4904.0,-99390.0,2019-12-31,2019-12-31,2019-12-31
1201,LN.TO,"04/22/2020, 08:21:31",0.36,102180000.0,36780000.0,45430000.0,-1680000.0,0.0,0.0,0.0,77.0,2388.0,0.0,-878.0,2019-12-31,2019-12-31,2019-12-31
1202,LNF.TO,"04/22/2020, 08:21:47",13.25,80030000.0,1060000000.0,1380000000.0,196650000.0,0.0,0.0,0.0,197177.0,1214170.0,2283411.0,234470.0,2019-12-31,2019-12-31,2019-12-31
1203,LNR.TO,"04/22/2020, 08:22:02",29.76,64959999.99999999,1930000000.0,3780000000.0,1060000000.0,0.0,0.0,0.0,338226.0,3549052.0,7416624.0,1167681.0,2019-12-31,2019-12-31,2019-12-31
1204,LS.TO,"04/22/2020, 08:22:18",10.74,0,0,0,0,0,0,0,0.0,0.0,0.0,0.0,Null,Null,Null
1205,LSPD.TO,"04/22/2020, 08:22:34",19.12,93700000.0,1790000000.0,1730000000.0,-34420000.0,0.0,0.0,0.0,207703.0,59145.0,77451.0,-7556.0,2019-03-31,2019-03-31,2019-03-31
1206,LUC.TO,"04/22/2020, 08:22:49",0.51,396900000.0,202420000.0,201310000.0,74860000.0,0.0,0.0,0.0,11197.0,109096.0,192541.0,50092.0,2019-12-31,2019-12-31,2019-12-31
1207,LUG.TO,"04/22/2020, 08:23:05",9.23,224420000.0,2069999999.9999998,2890000000.0,-25600000.0,0.0,0.0,0.0,75684.0,942139.0,0.0,-21306.0,2019-12-31,2019-12-31,2019-12-31
1208,LUN.TO,"04/22/2020, 08:23:21",6.02,733570000.0,4420000000.0,5100000000.0,571620000.0,0.0,0.0,0.0,250563.0,2619846.0,1892713.0,564559.0,2019-12-31,2019-12-31,2019-12-31
1209,LXR.TO,"04/22/2020, 08:23:38",0.16,28180000.0,4510000.0,10060000.0,-5880000.0,0.0,0.0,0.0,3499.0,15627.0,40069.0,-5315.0,2019-12-31,2019-12-31,2019-12-31
1210,LXR-WT.TO,"04/22/2020, 08:23:58",0,0,0,0,0,0,0,0,0.0,0.0,0.0,0.0,Null,Null,Null
1211,MAG.TO,"04/22/2020, 08:24:15",13.71,86520000.0,1190000000.0,1130000000.0,-8240000.0,0.0,0.0,0.0,72360.0,3563.0,0.0,-3207.0,2019-12-31,2019-12-31,2019-12-31
1212,MAL.TO,"04/22/2020, 08:24:30",6.1,58210000.0,355070000.0,419950000.0,141340000.0,0.0,0.0,0.0,69637.0,325289.0,1016219.0,104205.0,2019-12-31,2019-12-31,2019-12-31
1213,MAV.TO,"04/22/2020, 08:24:46",1.98,36760000.0,72800000.0,210830000.0,25730000.0,0.0,0.0,0.0,5672.0,186252.0,108496.0,10116.0,2019-12-31,2019-12-31,2019-12-31
1214,MAW.TO,"04/22/2020, 08:25:02",0.21,201880000.0,42400000.0,36510000.0,-3480000.0,0.0,0,0.0,1840.0,829.0,0.0,-2473.0,2019-05-31,2019-05-31,2019-05-31
1215,MAX.TO,"04/22/2020, 08:25:18",0.56,271130000.0,151830000.0,165050000.0,-30720000.0,0.0,0.0,0.0,17505.0,57762.0,0.0,-27060.0,2019-12-31,2019-12-31,2019-12-31
1216,MAXR.TO,"04/22/2020, 08:25:34",14.18,60140000.0,846000000.0,4090000000.0,369000000.0,0.0,0.0,0.0,59000.0,4395000.0,1666000.0,317000.0,2019-12-31,2019-12-31,2019-12-31
1217,MBA.TO,"04/22/2020, 08:25:49",0.51,74540000.0,38020000.0,367970000.0,7500000.0,0.0,0.0,0.0,15213.0,195516.0,70997.0,-9762.0,2019-08-31,2019-08-31,2019-08-31
1218,MBK-UN.TO,"04/22/2020, 08:26:05",5.75,4230000.0,25930000.0,0.0,0,0,0,0,73637.0,19791.0,-10738.0,27644.0,2018-12-31,2018-12-31,2018-12-31
1219,MBN.TO,"04/22/2020, 08:26:22",5.88,4460000.0,26250000.0,-9640000.0,0,0,0,0.0,35893.0,544.0,318.0,-6050.0,2019-12-31,2019-12-31,2019-12-31
1220,MBX.TO,"04/22/2020, 08:26:37",0.315,108750000.0,34260000.0,34420000.0,1050000.0,0.0,0.0,0.0,95.0,9092.0,13412.0,44.0,2019-09-30,2019-09-30,2019-09-30
1221,MCB.TO,"04/22/2020, 08:26:52",0.42,27630000.0,11610000.0,14670000.0,3730000.0,0.0,0.0,0.0,8382.0,21780.0,53392.0,6918.0,2019-12-31,2019-12-31,2019-12-31
1222,MCLC.TO,"04/22/2020, 08:27:09",21.86,0,0,0,0,0,0,0,0.0,0.0,0.0,0.0,Null,Null,Null
1223,MCSB.TO,"04/22/2020, 08:27:25",20.06,0,0,0,0,0,0,0,0.0,0.0,0.0,0.0,Null,Null,Null
1224,MCSM.TO,"04/22/2020, 08:27:42",21.69,0,0,0,0,0,0,0,0.0,0.0,0.0,0.0,Null,Null,Null
1225,MDC-UN.TO,"04/22/2020, 08:27:57",10.0,0,0,0.0,0,0,0,0,0.0,0.0,0.0,0.0,Null,ttm,ttm
1226,MDF.TO,"04/22/2020, 08:28:14",3.8,15050000.0,57200000.0,83700000.0,6380000.0,0.0,0.0,0.0,13339.0,68212.0,83082.0,12709.0,2019-03-31,2019-03-31,2019-03-31
1227,MDI.TO,"04/22/2020, 08:28:30",3.38,80630000.0,272540000.0,287410000.0,51110000.0,0.0,0.0,0.0,27366.0,98297.0,384822.0,20962.0,2019-04-30,2019-04-30,2019-04-30
1228,MDNA.TO,"04/22/2020, 08:28:45",3.5,48310000.0,169070000.0,116650000.0,-6650000.0,0.0,0,0.0,2371.0,2571.0,0.0,-8037.0,2019-03-31,2019-03-31,2019-03-31
1229,MDS-UN.TO,"04/22/2020, 08:29:01",11.75,2700000.0,31920000.0,0.0,0,0,0,0,36554.0,330.0,6314.0,3346.0,2019-12-31,2019-12-31,2019-12-31
1230,ME.TO,"04/22/2020, 08:29:17",0.095,311200000.0,29600000.0,24880000.0,-3960000.0,0.0,0,0.0,4715.0,2059.0,0.0,-3095.0,2019-12-31,2019-12-31,2019-12-31
1231,MEE.TO,"04/22/2020, 08:29:33",19.83,0,0,0,0,0,0,0,0.0,0.0,0.0,0.0,Null,Null,Null
1232,MEG.TO,"04/22/2020, 08:29:48",2.43,299290000.0,727800000.0,3910000000.0,820000000.0,0.0,0.0,0.0,206000.0,4013000.0,3976000.0,631000.0,2019-12-31,2019-12-31,2019-12-31
1233,MEME-B.TO,"04/22/2020, 08:30:04",22.41,0,0,0,0,0,0,0,0.0,0.0,0.0,0.0,Null,Null,Null
1234,MEQ.TO,"04/22/2020, 08:30:19",59.35,9370000.0,556030000.0,1640000000.0,76560000.0,0.0,0.0,0.0,70.0,1255720.0,137613.0,40473.0,2019-09-30,2019-09-30,2019-09-30
1235,MEU.TO,"04/22/2020, 08:30:36",19.58,0,0,0,0,0,0,0,0.0,0.0,0.0,0.0,Null,Null,Null
1236,MFC.TO,"04/22/2020, 08:30:51",16.27,1940000000.0,31600000000.0,22880000000.0,8000000000.0,0.0,0.0,0.0,0.0,759024000.0,77822000.0,20542000.0,2019-12-31,2019-12-31,2019-12-31
1237,MFC-PR-B.TO,"04/22/2020, 08:31:08",0,0,0,0,0,0,0,0,0.0,0.0,0.0,0.0,Null,Null,Null
1238,MFC-PR-C.TO,"04/22/2020, 08:31:26",0,0,0,0,0,0,0,0,0.0,0.0,0.0,0.0,Null,Null,Null
1239,MFC-PR-F.TO,"04/22/2020, 08:31:42",0,0,0,0,0,0,0,0,0.0,0.0,0.0,0.0,Null,Null,Null
1240,MFC-PR-G.TO,"04/22/2020, 08:31:59",0,0,0,0,0,0,0,0,0.0,0.0,0.0,0.0,Null,Null,Null
1241,MFC-PR-H.TO,"04/22/2020, 08:32:15",0,0,0,0,0,0,0,0,0.0,0.0,0.0,0.0,Null,Null,Null
1242,MFC-PR-I.TO,"04/22/2020, 08:32:31",0,0,0,0,0,0,0,0,0.0,0.0,0.0,0.0,Null,Null,Null
1243,MFC-PR-J.TO,"04/22/2020, 08:32:48",0,0,0,0,0,0,0,0,0.0,0.0,0.0,0.0,Null,Null,Null
1244,MFC-PR-K.TO,"04/22/2020, 08:33:04",0,0,0,0,0,0,0,0,0.0,0.0,0.0,0.0,Null,Null,Null
1245,MFC-PR-L.TO,"04/22/2020, 08:33:20",0,0,0,0,0,0,0,0,0.0,0.0,0.0,0.0,Null,Null,Null
1246,MFC-PR-M.TO,"04/22/2020, 08:33:38",0,0,0,0,0,0,0,0,0.0,0.0,0.0,0.0,Null,Null,Null
1247,MFC-PR-N.TO,"04/22/2020, 08:33:54",0,0,0,0,0,0,0,0,0.0,0.0,0.0,0.0,Null,Null,Null
1248,MFC-PR-O.TO,"04/22/2020, 08:34:09",0,0,0,0,0,0,0,0,0.0,0.0,0.0,0.0,Null,Null,Null
1249,MFC-PR-P.TO,"04/22/2020, 08:34:26",0,0,0,0,0,0,0,0,0.0,0.0,0.0,0.0,Null,Null,Null
1250,MFC-PR-Q.TO,"04/22/2020, 08:34:41",0,0,0,0,0,0,0,0,0.0,0.0,0.0,0.0,Null,Null,Null
1251,MFC-PR-R.TO,"04/22/2020, 08:34:57",0,0,0,0,0,0,0,0,0.0,0.0,0.0,0.0,Null,Null,Null
1252,MFI.TO,"04/22/2020, 08:35:14",25.02,124730000.0,3080000000.0,3880000000.0,246990000.0,0.0,0.0,0.0,97285.0,1564165.0,3941545.0,270180.0,2019-12-31,2019-12-31,2019-12-31
1253,MFR-UN.TO,"04/22/2020, 08:35:29",5.34,12030000.0,66010000.00000001,0.0,0,0,0,0,160578.0,69920.0,-7468.0,45756.0,2018-12-31,2018-12-31,2018-12-31
1254,MFT.TO,"04/22/2020, 08:35:46",17.37,0,0,0,0,0,0,0,0.0,0.0,0.0,0.0,Null,Null,Null
1255,MG.TO,"04/22/2020, 08:36:02",49.05,298920000.0,14660000000.0,18820000000.0,3980000000.0,0.0,0.0,0.0,1276000.0,14659000.0,39431000.0,3718000.0,2019-12-31,2019-12-31,2019-12-31
1256,MGA.TO,"04/22/2020, 08:36:19",0.095,326390000.0,31010000.0,26840000.0,-2420000.0,0.0,0.0,0.0,5494.0,636.0,0.0,-1776.0,2019-09-30,2019-09-30,2019-09-30
1257,MGB.TO,"04/22/2020, 08:36:37",19.9,0,0,0,0,0,0,0,0.0,0.0,0.0,0.0,Null,Null,Null
1258,MI-UN.TO,"04/22/2020, 08:36:52",19.25,36270000.0,698290000.0,1500000000.0,0,0,0.0,0.0,1928.0,1363525.0,104438.0,53830.0,2019-12-31,2019-12-31,2019-12-31
1259,MIC.TO,"04/22/2020, 08:37:07",29.99,87600000.0,2590000000.0,2870000000.0,644120000.0,0.0,0.0,0.0,0.0,2952158.0,853129.0,584170.0,2019-12-31,2019-12-31,2019-12-31
1260,MID-UN.TO,"04/22/2020, 08:37:24",5.16,15490000.0,79930000.0,-20600000.0,0,0,0.0,0.0,0.0,25909.0,19375.0,10722.0,2019-12-31,2019-12-31,2019-12-31
1261,MIN.TO,"04/22/2020, 08:37:39",0.53,239030000.0,126690000.0,109810000.0,-8440000.0,0.0,0.0,0.0,44168.0,22418.0,0.0,-12725.0,2018-12-31,2018-12-31,2018-12-31
1262,MIND.TO,"04/22/2020, 08:37:59",20.5,0,0,0,0,0,0,0,0.0,0.0,0.0,0.0,Null,Null,Null
1263,MINT.TO,"04/22/2020, 08:38:15",22.41,0,0,0,0,0,0,0,0.0,0.0,0.0,0.0,Null,Null,Null
1264,MINT-B.TO,"04/22/2020, 08:38:32",23.71,0,0,0,0,0,0,0,0.0,0.0,0.0,0.0,Null,Null,Null
1265,MIVG.TO,"04/22/2020, 08:38:48",22.49,0,0,0,0,0,0,0,0.0,0.0,0.0,0.0,Null,Null,Null
1266,MKB.TO,"04/22/2020, 08:39:05",21.59,0,0,0,0,0,0,0,0.0,0.0,0.0,0.0,Null,Null,Null
1267,MKC.TO,"04/22/2020, 08:39:21",21.16,0,0,0,0,0,0,0,0.0,0.0,0.0,0.0,Null,Null,Null
1268,MKP.TO,"04/22/2020, 08:39:37",11.61,24220000.0,281140000.0,1030000000.0,0,0,0.0,0.0,0.0,1849029.0,74858.0,-31895.0,2019-12-31,2019-12-31,2019-12-31
1269,MKZ-UN.TO,"04/22/2020, 08:39:54",0.87,6260000.0,5450000.0,4460000.0,0,0,0,0.0,992.0,332.0,1130.0,903.0,2019-12-31,2019-12-31,2019-12-31
1270,MLD-UN.TO,"04/22/2020, 08:40:09",6.86,0,0,0.0,0,0,0,0,0.0,0.0,0.0,0.0,Null,ttm,ttm
1271,MMP-UN.TO,"04/22/2020, 08:40:26",1.42,18470000.0,24340000.0,-4590000.0,0,0,0,0.0,28931.0,289.0,6491.0,1831.0,2019-12-31,2019-12-31,2019-12-31
1272,MMX.TO,"04/22/2020, 08:40:42",5.41,119580000.0,647890000.0,731230000.0,31180000.0,0.0,0.0,0.0,6271.0,95372.0,44732.0,27674.0,2019-12-31,2019-12-31,2019-12-31
1273,MND.TO,"04/22/2020, 08:40:58",1.15,91080000.0,104740000.0,149060000.0,14480000.0,0.0,0.0,0.0,24462.0,146840.0,107795.0,7592.0,2019-12-31,2019-12-31,2019-12-31
1274,MNS.TO,"04/22/2020, 08:41:13",12.84,0,0,0,0,0,0,0,0.0,0.0,0.0,0.0,Null,Null,Null
1275,MNS-U.TO,"04/22/2020, 08:41:30",9.03,0,0,0,0,0,0,0,0.0,0.0,0.0,0.0,Null,Null,Null
1276,MNT.TO,"04/22/2020, 08:41:47",27.16,0,0,0,0,0,0,0,0.0,0.0,0.0,0.0,Null,Null,Null
1277,MNT-U.TO,"04/22/2020, 08:42:05",18.74,0,0,0,0,0,0,0,0.0,0.0,0.0,0.0,Null,Null,Null
1278,MOGO.TO,"04/22/2020, 08:42:21",1.3,27870000.0,36230000.0,163910000.0,0,0,0.0,0.0,5367.0,149346.0,59805.0,-15210.0,2019-12-31,2019-12-31,2019-12-31
1279,MOGO-DB.TO,"04/22/2020, 08:42:37",0,0,0,0,0,0,0,0,0.0,0.0,0.0,0.0,Null,Null,Null
1280,MOZ.TO,"04/22/2020, 08:42:52",1.43,179100000.0,256110000.0,228210000.0,-3640000.0,0.0,0.0,0.0,27963.0,9990.0,0.0,-190.0,2019-12-31,2019-12-31,2019-12-31
1281,MPC.TO,"04/22/2020, 08:43:08",3.64,7260000.0,165990000.0,403080000.0,21770000.0,0.0,0.0,0.0,56955.0,276468.0,31117.0,9834.0,2019-08-31,2019-08-31,2019-08-31
1282,MPC-C.TO,"04/22/2020, 08:43:22",2.72,51320000.0,165990000.0,349200000.0,21770000.0,0.0,0.0,0.0,56955.0,276468.0,31117.0,9834.0,2019-08-31,2019-08-31,2019-08-31
1283,MPCF.TO,"04/22/2020, 08:43:39",16.5,0,0,0,0,0,0,0,0.0,0.0,0.0,0.0,Null,Null,Null
1284,MPVD.TO,"04/22/2020, 08:43:54",0.47,210390000.0,98880000.0,439590000.0,84850000.0,0.0,0.0,0.0,34751.0,486549.0,276334.0,79359.0,2019-12-31,2019-12-31,2019-12-31
1285,MQR.TO,"04/22/2020, 08:44:10",0.2,267620000.0,53520000.0,49860000.0,0.0,0.0,0.0,0.0,8707.0,27396.0,31653.0,-5765.0,2019-06-30,2019-06-30,2019-06-30
1286,MR-DB-A.TO,"04/22/2020, 08:44:26",0,0,0,0,0,0,0,0,0.0,0.0,0.0,0.0,Null,Null,Null
1287,MR-DB-B.TO,"04/22/2020, 08:44:42",0,0,0,0,0,0,0,0,0.0,0.0,0.0,0.0,Null,Null,Null
1288,MR-UN.TO,"04/22/2020, 08:44:58",4.35,13120000.0,57050000.0,632190000.0,0,0,0.0,0.0,2280.0,594815.0,71159.0,9309.0,2019-12-31,2019-12-31,2019-12-31
1289,MRC.TO,"04/22/2020, 08:45:13",145.95,11280000.0,1650000000.0,8700000000.0,582630000.0,0.0,0.0,0.0,123168.0,7397367.0,1192973.0,282414.0,2019-12-31,2019-12-31,2019-12-31
1290,MRD.TO,"04/22/2020, 08:45:29",7.05,33220000.0,234210000.0,1050000000.0,75600000.0,0.0,0.0,0.0,36980.0,1015790.0,207971.0,31226.0,2019-12-31,2019-12-31,2019-12-31
1291,MRE.TO,"04/22/2020, 08:45:45",7.14,80260000.0,573060000.0,1500000000.0,454980000.0,0.0,0.0,0.0,118973.0,1875872.0,3863659.0,401547.0,2019-12-31,2019-12-31,2019-12-31
1292,MRG-DB-A.TO,"04/22/2020, 08:46:00",0,0,0,0,0,0,0,0,0.0,0.0,0.0,0.0,Null,Null,Null
1293,MRG-UN.TO,"04/22/2020, 08:46:15",13.45,38980000.0,524280000.0,2240000000.0,0,0,0.0,0.0,17748.0,1807634.0,245596.0,62483.0,2019-12-31,2019-12-31,2019-12-31
1294,MRT-DB.TO,"04/22/2020, 08:46:31",0,0,0,0,0,0,0,0,0.0,0.0,0.0,0.0,Null,Null,Null
1295,MRT-UN.TO,"04/22/2020, 08:46:47",5.39,60720000.0,327290000.0,1670000000.0,148970000.0,0.0,0.0,0.0,10652.0,1398159.0,276473.0,93474.0,2018-12-31,2018-12-31,2018-12-31
1296,MRU.TO,"04/22/2020, 08:47:03",59.44,253200000.0,15050000000.0,19890000000.0,1360000000.0,0.0,0.0,0.0,273400.0,5105300.0,16767500.0,687700.0,2019-09-30,2019-09-30,2019-09-30
1297,MSI.TO,"04/22/2020, 08:47:19",33.08,66540000.00000001,2200000000.0,2870000000.0,130389999.99999999,0.0,0.0,0.0,9469.0,911830.0,888889.0,92233.0,2019-12-31,2019-12-31,2019-12-31
1298,MSV.TO,"04/22/2020, 08:47:34",0.5,60850000.0,30420000.0,-1920000.0,-2130000.0,0.0,0.0,0.0,31493.0,1280.0,0.0,-1144.0,2019-12-31,2019-12-31,2019-12-31
1299,MTL.TO,"04/22/2020, 08:47:51",4.75,104830000.0,497920000.0,1040000000.0,189200000.0,0.0,0.0,0.0,79023.0,831371.0,1278502.0,170653.0,2019-12-31,2019-12-31,2019-12-31
1300,MTL-DB.TO,"04/22/2020, 08:48:07",92.0,0,0,0.0,0,0,0,0,0.0,0.0,0.0,0.0,Null,ttm,ttm
1301,MTY.TO,"04/22/2020, 08:48:34",21.6,25070000.0,541540000.0,1030000000.0,147400000.0,0.0,0.0,0.0,50737.0,983288.0,550942.0,112951.0,2019-11-30,2019-11-30,2019-11-30
1302,MUB.TO,"04/22/2020, 08:48:53",20.46,0,0,0,0,0,0,0,0.0,0.0,0.0,0.0,Null,Null,Null
1303,MULC.TO,"04/22/2020, 08:49:09",26.63,0,0,0,0,0,0,0,0.0,0.0,0.0,0.0,Null,Null,Null
1304,MULC-B.TO,"04/22/2020, 08:49:25",29.45,0,0,0,0,0,0,0,0.0,0.0,0.0,0.0,Null,Null,Null
1305,MUMC.TO,"04/22/2020, 08:49:42",23.4,0,0,0,0,0,0,0,0.0,0.0,0.0,0.0,Null,Null,Null
1306,MUMC-B.TO,"04/22/2020, 08:50:00",26.12,0,0,0,0,0,0,0,0.0,0.0,0.0,0.0,Null,Null,Null
1307,MUS.TO,"04/22/2020, 08:50:17",27.3,0,0,0,0,0,0,0,0.0,0.0,0.0,0.0,Null,Null,Null
1308,MUSC.TO,"04/22/2020, 08:50:34",18.65,0,0,0,0,0,0,0,0.0,0.0,0.0,0.0,Null,Null,Null
1309,MUSC-B.TO,"04/22/2020, 08:50:52",21.06,0,0,0,0,0,0,0,0.0,0.0,0.0,0.0,Null,Null,Null
1310,MUX.TO,"04/22/2020, 08:51:09",1.37,400400000.0,544320000.0,556860000.0,-27940000.0,0.0,0.0,0.0,48337.0,131744.0,117019.0,-39527.0,2019-12-31,2019-12-31,2019-12-31
1311,MWD.TO,"04/22/2020, 08:51:26",23.83,0,0,0,0,0,0,0,0.0,0.0,0.0,0.0,Null,Null,Null
1312,MX.TO,"04/22/2020, 08:51:41",17.92,76200000.0,1370000000.0,3730000000.0,370880000.0,0.0,0.0,0.0,416763.0,3566255.0,3283514.0,515431.0,2019-12-31,2019-12-31,2019-12-31
1313,MXG.TO,"04/22/2020, 08:51:57",1.9,50210000.0,95410000.0,123540000.0,-1450000.0,0.0,0.0,0.0,20924.0,86042.0,28335.0,5491.0,2019-12-31,2019-12-31,2019-12-31
1314,MXU.TO,"04/22/2020, 08:52:16",20.2,0,0,0,0,0,0,0,0.0,0.0,0.0,0.0,Null,Null,Null
1315,MYA.TO,"04/22/2020, 08:52:32",1.3,79630000.0,103510000.0,87670000.0,2200000.0,0.0,0.0,0.0,19023.0,7128.0,0.0,-1548.0,2018-12-31,2018-12-31,2018-12-31
1316,NA.TO,"04/22/2020, 08:52:48",51.44,335860000.0,17280000000.0,-59830000000.0,0,0,0,0.0,0.0,266322000.0,7398000.0,8280000.0,2019-10-31,2019-10-31,2019-10-31
1317,NA-PR-A.TO,"04/22/2020, 08:53:03",0,0,0,0,0,0,0,0,0.0,0.0,0.0,0.0,Null,Null,Null
1318,NA-PR-C.TO,"04/22/2020, 08:53:19",0,0,0,0,0,0,0,0,0.0,0.0,0.0,0.0,Null,Null,Null
1319,NA-PR-E.TO,"04/22/2020, 08:53:35",0,0,0,0,0,0,0,0,0.0,0.0,0.0,0.0,Null,Null,Null
1320,NA-PR-G.TO,"04/22/2020, 08:53:51",0,0,0,0,0,0,0,0,0.0,0.0,0.0,0.0,Null,Null,Null
1321,NA-PR-S.TO,"04/22/2020, 08:54:07",0,0,0,0,0,0,0,0,0.0,0.0,0.0,0.0,Null,Null,Null
1322,NA-PR-W.TO,"04/22/2020, 08:54:23",0,0,0,0,0,0,0,0,0.0,0.0,0.0,0.0,Null,Null,Null
1323,NA-PR-X.TO,"04/22/2020, 08:54:38",0,0,0,0,0,0,0,0,0.0,0.0,0.0,0.0,Null,Null,Null
1324,NALT.TO,"04/22/2020, 08:54:55",20.4,0,0,0,0,0,0,0,0.0,0.0,0.0,0.0,Null,Null,Null
1325,NB.TO,"04/22/2020, 08:55:10",0.64,234840000.0,150300000.0,153690000.0,0,0,0.0,0.0,357.0,6233.0,0.0,-4355.0,2019-06-30,2019-06-30,2019-06-30
1326,NCF.TO,"04/22/2020, 08:55:26",0.045,191130000.0,8600000.0,9980000.0,-1450000.0,0.0,0,0.0,1139.0,458.0,0.0,-1098.0,2019-10-31,2019-10-31,2019-10-31
1327,NCP.TO,"04/22/2020, 08:55:41",0.05,284880000.0,14240000.0,12710000.0,-3050000.0,0.0,0.0,0.0,1016.0,1004.0,0.0,-2372.0,2019-12-31,2019-12-31,2019-12-31
1328,NCU.TO,"04/22/2020, 08:55:56",0.15,761940000.0,114290000.0,284210000.0,-5400000.0,0.0,0.0,0.0,1041.0,290159.0,0.0,-5744.0,2019-12-31,2019-12-31,2019-12-31
1329,NDM.TO,"04/22/2020, 08:56:12",0.76,436630000.0,331840000.0,329110000.0,-68340000.0,0.0,0.0,0.0,14038.0,16119.0,0.0,-64744.0,2019-12-31,2019-12-31,2019-12-31
1330,NDM-WT-A.TO,"04/22/2020, 08:56:27",0,0,0,0,0,0,0,0,0.0,0.0,0.0,0.0,Null,Null,Null
1331,NDM-WT-B.TO,"04/22/2020, 08:56:45",0,0,0,0,0,0,0,0,0.0,0.0,0.0,0.0,Null,Null,Null
1332,NEO.TO,"04/22/2020, 08:57:01",7.78,37800000.0,294080000.0,217180000.0,53290000.0,0.0,0.0,0.0,84735.0,102598.0,407464.0,71297.0,2019-12-31,2019-12-31,2019-12-31
1333,NEPT.TO,"04/22/2020, 08:57:17",2.76,94950000.0,262079999.99999997,237170000.0,-32659999.999999996,0.0,0.0,0.0,9867.0,21236.0,24442.0,-8154.0,2019-03-31,2019-03-31,2019-03-31
1334,NEXA.TO,"04/22/2020, 08:57:33",4.88,132440000.0,645910000.0,1800000000.0,338060000.0,0.0,0.0,0.0,757041.0,2969504.0,2332306.0,122823.0,2019-12-31,2019-12-31,2019-12-31
1335,NEXT.TO,"04/22/2020, 08:57:48",0.04,536500000.0,21460000.0,23570000.0,0,0,0,0.0,529.0,1279.0,0.0,-2235.0,2019-06-30,2019-06-30,2019-06-30
1336,NFAM.TO,"04/22/2020, 08:58:06",15.07,0,0,0,0,0,0,0,0.0,0.0,0.0,0.0,Null,Null,Null
1337,NFI.TO,"04/22/2020, 08:58:22",13.5,62420000.0,843670000.0,2049999999.9999998,276600000.0,0.0,0.0,0.0,28233.0,2134684.0,2893436.0,98608.0,2019-12-31,2019-12-31,2019-12-31
1338,NG.TO,"04/22/2020, 08:58:37",16.27,328670000.0,5350000000.0,5310000000.0,-16680000.0,0.0,0.0,0.0,148549.0,107881.0,0.0,-6127.0,2019-11-30,2019-11-30,2019-11-30
1339,NGD.TO,"04/22/2020, 08:58:54",1.07,675960000.0,723270000.0,1390000000.0,223100000.0,0.0,0.0,0.0,83400.0,1197200.0,630600.0,263500.0,2019-12-31,2019-12-31,2019-12-31
1340,NGPE.TO,"04/22/2020, 08:59:11",21.77,0,0,0,0,0,0,0,0.0,0.0,0.0,0.0,Null,Null,Null
1341,NGT.TO,"04/22/2020, 08:59:27",83.73,807790000.0,67640000000.0,73000000000.0,3800000000.0,0.0,0.0,0.0,2480000.0,17604000.0,9740000.0,2866000.0,2019-12-31,2019-12-31,2019-12-31
1342,NHK.TO,"04/22/2020, 08:59:42",1.65,44670000.0,73710000.0,64050000.0,0,0,0,0.0,9663.0,13244.0,0.0,-1613.0,2019-12-31,2019-12-31,2019-12-31
1343,NHYB.TO,"04/22/2020, 08:59:58",21.85,0,0,0,0,0,0,0,0.0,0.0,0.0,0.0,Null,Null,Null
1344,NIF-UN.TO,"04/22/2020, 09:00:14",1.36,37490000.0,67990000.0,179050000.0,25880000.0,0.0,0.0,0.0,1082.0,269240.0,741186.0,18951.0,2019-12-31,2019-12-31,2019-12-31
1345,NML.TO,"04/22/2020, 09:00:31",0.04,181050000.0,7240000.0,-6710000.0,0,0,0,0.0,14193.0,1017.0,0.0,-1152.0,2019-12-31,2019-12-31,2019-12-31
1346,NOA.TO,"04/22/2020, 09:00:48",6.16,27550000.0,169720000.0,583620000.0,161060000.0,0.0,0.0,0.0,5544.0,612533.0,719067.0,157944.0,2019-12-31,2019-12-31,2019-12-31
1347,NOA-DB.TO,"04/22/2020, 09:01:04",0,0,0,0,0,0,0,0,0.0,0.0,0.0,0.0,Null,Null,Null
1348,NOA-DB-A.TO,"04/22/2020, 09:01:22",0,0,0,0,0,0,0,0,0.0,0.0,0.0,0.0,Null,Null,Null
1349,NOVB-F.TO,"04/22/2020, 09:01:38",27.88,0,0,0,0,0,0,0,0.0,0.0,0.0,0.0,Null,Null,Null
1350,NPI.TO,"04/22/2020, 09:01:55",28.58,193730000.0,5570000000.0,13910000000.0,1240000000.0,0.0,0.0,0.0,268193.0,8967916.0,1658977.0,1224415.0,2019-12-31,2019-12-31,2019-12-31
1351,NPI-DB-C.TO,"04/22/2020, 09:02:11",0,0,0,0,0,0,0,0,0.0,0.0,0.0,0.0,Null,Null,Null
1352,NPI-PR-A.TO,"04/22/2020, 09:02:28",0,0,0,0,0,0,0,0,0.0,0.0,0.0,0.0,Null,Null,Null
1353,NPI-PR-B.TO,"04/22/2020, 09:02:44",0,0,0,0,0,0,0,0,0.0,0.0,0.0,0.0,Null,Null,Null
1354,NPI-PR-C.TO,"04/22/2020, 09:03:02",0,0,0,0,0,0,0,0,0.0,0.0,0.0,0.0,Null,Null,Null
1355,NPK.TO,"04/22/2020, 09:03:17",0.44,46030000.0,20250000.0,20180000.0,0.0,0.0,0.0,0.0,666.0,7690.0,6029.0,-719.0,2019-12-31,2019-12-31,2019-12-31
1356,NPRF.TO,"04/22/2020, 09:03:34",16.23,0,0,0,0,0,0,0,0.0,0.0,0.0,0.0,Null,Null,Null
1357,NREA.TO,"04/22/2020, 09:03:51",16.47,0,0,0,0,0,0,0,0.0,0.0,0.0,0.0,Null,Null,Null
1358,NRI.TO,"04/22/2020, 09:04:07",0.64,11390000.0,7290000.0,107350000.0,22770000.0,0.0,0.0,0.0,23019.0,138999.0,69546.0,2363.0,2019-12-31,2019-12-31,2019-12-31
1359,NSCE.TO,"04/22/2020, 09:04:24",22.12,0,0,0,0,0,0,0,0.0,0.0,0.0,0.0,Null,Null,Null
1360,NSGE.TO,"04/22/2020, 09:04:40",24.5,0,0,0,0,0,0,0,0.0,0.0,0.0,0.0,Null,Null,Null
1361,NTR.TO,"04/22/2020, 09:04:56",47.59,569140000.0,27090000000.0,39310000000.0,3610000000.0,0.0,0.0,0.0,671000.0,23930000.0,20023000.0,3665000.0,2019-12-31,2019-12-31,2019-12-31
1362,NUBF.TO,"04/22/2020, 09:05:13",23.9,0,0,0,0,0,0,0,0.0,0.0,0.0,0.0,Null,Null,Null
1363,NVA.TO,"04/22/2020, 09:05:38",0.62,225590000.0,139870000.0,782220000.0,148680000.0,0.0,0.0,0.0,0.0,982605.0,578476.0,263856.0,2019-12-31,2019-12-31,2019-12-31
1364,NVCN.TO,"04/22/2020, 09:05:53",3.38,11130000.0,37630000.0,47910000.0,-29680000.0,0.0,0,0.0,5293.0,24552.0,2092.0,-23972.0,2019-12-31,2019-12-31,2019-12-31
1365,NVU-UN.TO,"04/22/2020, 09:06:08",34.19,67069999.99999999,2360000000.0,4650000000.0,205180000.0,0.0,0.0,0.0,4380.0,2478395.0,392562.0,120353.0,2019-12-31,2019-12-31,2019-12-31
1366,NWC.TO,"04/22/2020, 09:06:24",24.2,48750000.0,1180000000.0,1710000000.0,200380000.0,0.0,0.0,0.0,38448.0,601817.0,2013486.0,127120.0,2019-01-31,2019-01-31,2019-01-31
1367,NWH-DB-E.TO,"04/22/2020, 09:06:40",0,0,0,0,0,0,0,0,0.0,0.0,0.0,0.0,Null,Null,Null
1368,NWH-DB-F.TO,"04/22/2020, 09:06:55",0,0,0,0,0,0,0,0,0.0,0.0,0.0,0.0,Null,Null,Null
1369,NWH-DB-G.TO,"04/22/2020, 09:07:11",0,0,0,0,0,0,0,0,0.0,0.0,0.0,0.0,Null,Null,Null
1370,NWH-UN.TO,"04/22/2020, 09:07:26",9.09,160340000.0,1460000000.0,4950000000.0,242530000.0,0.0,0.0,0.0,192150.0,3459185.0,366056.0,115816.0,2019-12-31,2019-12-31,2019-12-31
1371,NXE.TO,"04/22/2020, 09:07:42",1.62,360250000.0,583610000.0,722200000.0,-24020000.0,0.0,0.0,0.0,52118.0,127177.0,0.0,-12806.0,2019-12-31,2019-12-31,2019-12-31
1372,NXF.TO,"04/22/2020, 09:08:00",3.54,0,0,0,0,0,0,0,0.0,0.0,0.0,0.0,Null,Null,Null
1373,NXF-B.TO,"04/22/2020, 09:08:16",4.35,0,0,0,0,0,0,0,0.0,0.0,0.0,0.0,Null,Null,Null
1374,NXJ.TO,"04/22/2020, 09:08:31",0.4,21110000.0,8440000.0,6080000.0,-6440000.0,0.0,0.0,0.0,5123.0,11677.0,17228.0,-4828.0,2019-12-31,2019-12-31,2019-12-31
1375,NZC.TO,"04/22/2020, 09:08:47",0.055,372540000.0,21230000.0,19090000.0,-14930000.0,0.0,0.0,0.0,2484.0,3992.0,0.0,-14452.0,2019-12-31,2019-12-31,2019-12-31
1376,OBE.TO,"04/22/2020, 09:09:03",0.28,73000000.0,20450000.0,594450000.0,179000000.0,0.0,0.0,0.0,1000.0,812000.0,416000.0,77000.0,2019-12-31,2019-12-31,2019-12-31
1377,OGC.TO,"04/22/2020, 09:09:20",1.87,622300000.0,1160000000.0,1390000000.0,199500000.0,0.0,0.0,0.0,49000.0,508600.0,658000.0,204300.0,2019-12-31,2019-12-31,2019-12-31
1378,OGD.TO,"04/22/2020, 09:09:35",0.55,37020000.0,20360000.0,61090000.0,10960000.0,0.0,0.0,0.0,2480.0,58119.0,152814.0,-663.0,2019-06-30,2019-06-30,2019-06-30
1379,OGI.TO,"04/22/2020, 09:09:52",2.17,173080000.0,375580000.0,430310000.0,-30150000.0,0.0,0.0,0.0,47935.0,101519.0,80413.0,-35081.0,2019-08-31,2019-08-31,2019-08-31
1380,OLA.TO,"04/22/2020, 09:10:08",2.92,0,0,0,0,0,0,0,30009.0,33640.0,0.0,-25830.0,2019-12-31,Null,Null
1381,OLY.TO,"04/22/2020, 09:10:24",38.3,2410000.0,92160000.0,86800000.0,10220000.0,0.0,0.0,0.0,12835.0,8435.0,38597.0,10611.0,2018-12-31,2018-12-31,2018-12-31
1382,OMI.TO,"04/22/2020, 09:10:41",0.035,160280000.0,5610000.0,5150000.0,-5320000.0,0.0,0,0.0,512.0,23641.0,0.0,-2761.0,2019-05-31,2019-05-31,2019-05-31
1383,ONC.TO,"04/22/2020, 09:10:56",1.92,37380000.0,71760000.0,58120000.0,-20570000.0,0.0,0,0.0,14148.0,19766.0,0.0,-19906.0,2019-12-31,2019-12-31,2019-12-31
1384,ONC-WT.TO,"04/22/2020, 09:11:13",0,0,0,0,0,0,0,0,0.0,0.0,0.0,0.0,Null,Null,Null
1385,ONEB.TO,"04/22/2020, 09:11:29",51.25,0,0,0,0,0,0,0,0.0,0.0,0.0,0.0,Null,Null,Null
1386,ONEQ.TO,"04/22/2020, 09:11:47",22.33,0,0,0,0,0,0,0,0.0,0.0,0.0,0.0,Null,Null,Null
1387,ONEX.TO,"04/22/2020, 09:12:04",60.5,98290000.0,5950000000.0,5140000000.0,857000000.0,0.0,0.0,0.0,988000.0,4819000.0,241000.0,465000.0,2019-12-31,2019-12-31,2019-12-31
1388,OPS.TO,"04/22/2020, 09:12:20",0.58,90280000.0,52360000.0,57360000.0,-4540000.0,0.0,0.0,0.0,14856.0,12648.0,32752.0,-1247.0,2019-08-31,2019-08-31,2019-08-31
1389,OPT.TO,"04/22/2020, 09:12:36",23.0,5320000.0,122260000.0,151600000.0,12000000.0,0.0,0,0.0,36175.0,161087.0,121627.0,-61012.0,2018-09-30,2018-09-30,2018-09-30
1390,OR.TO,"04/22/2020, 09:12:53",11.88,165320000.0,1960000000.0,2120000000.0,100980000.0,0.0,0.0,0.0,128927.0,453807.0,392599.0,91598.0,2019-12-31,2019-12-31,2019-12-31
1391,OR-DB.TO,"04/22/2020, 09:13:09",0,0,0,0,0,0,0,0,0.0,0.0,0.0,0.0,Null,Null,Null
1392,OR-WT.TO,"04/22/2020, 09:13:27",0,0,0,0,0,0,0,0,0.0,0.0,0.0,0.0,Null,Null,Null
1393,ORA.TO,"04/22/2020, 09:13:43",57.0,4350000.0,248170000.0,252730000.0,52360000.0,0.0,0.0,0.0,38870.0,154889.0,226202.0,36412.0,2019-12-31,2019-12-31,2019-12-31
1394,ORL.TO,"04/22/2020, 09:13:58",1.87,261980000.00000003,484200000.0,618860000.0,16110000.0,0.0,0.0,0.0,398970.0,539487.0,115712.0,0.0,2019-06-30,2019-06-30,2019-06-30
1395,ORV.TO,"04/22/2020, 09:14:14",0.18,136620000.0,24590000.0,34360000.0,17290000.0,0.0,0.0,0.0,12351.0,80296.0,135544.0,14444.0,2019-09-30,2019-09-30,2019-09-30
1396,OSB.TO,"04/22/2020, 09:14:32",16.4,81530000.0,1340000000.0,2049999999.9999998,125000000.0,0.0,0.0,0.0,20000.0,1217000.0,1731000.0,19000.0,2019-12-31,2019-12-31,2019-12-31
1397,OSK.TO,"04/22/2020, 09:14:48",3.12,290020000.0,904880000.0,847810000.0,-21340000.0,0.0,0.0,0.0,157558.0,110349.0,0.0,-3602.0,2019-12-31,2019-12-31,2019-12-31
1398,OSL-UN.TO,"04/22/2020, 09:15:03",6.8,0,0,0.0,0,0,0,0,0.0,0.0,0.0,0.0,Null,ttm,ttm
1399,OSP.TO,"04/22/2020, 09:15:19",0.59,3210000.0,1890000.0,0.0,0,0,0,0,0.0,32568.0,4313.0,557.0,2019-12-31,2019-12-31,2019-12-31
1400,OSP-PR-A.TO,"04/22/2020, 09:15:35",0,0,0,0,0,0,0,0,0.0,0.0,0.0,0.0,Null,Null,Null
1401,OTEX.TO,"04/22/2020, 09:15:52",51.39,269920000.0,13870000000.0,17000000000.0,917280000.0,0.0,0.0,0.0,941009.0,4049305.0,2868755.0,876278.0,2019-06-30,2019-06-30,2019-06-30
1402,OVV.TO,"04/22/2020, 09:16:07",5.5,259820000.0,1430000000.0,9370000000.0,2780000000.0,0.0,0.0,0.0,190000.0,11557000.0,6726000.0,2921000.0,2019-12-31,2019-12-31,2019-12-31
1403,OXC.TO,"04/22/2020, 09:16:28",0.085,552480000.0,46960000.0,116780000.0,43550000.0,0.0,0.0,0.0,8912.0,209202.0,150496.0,28141.0,2019-12-31,2019-12-31,2019-12-31
1404,PAAS.TO,"04/22/2020, 09:16:44",28.08,209800000.0,5900000000.0,5990000000.0,398230000.0,0.0,0.0,0.0,238340.0,993836.0,1350759.0,282028.0,2019-12-31,2019-12-31,2019-12-31
1405,PAT.TO,"04/22/2020, 09:17:01",0.74,150220000.0,111160000.0,86380000.0,-20330000.0,0.0,0.0,0.0,50638.0,1930.0,0.0,-14360.0,2019-07-31,2019-07-31,2019-07-31
1406,PAT-WT.TO,"04/22/2020, 09:17:16",0.04,0,0,0.0,0,0,0,0,0.0,0.0,0.0,0.0,Null,ttm,ttm
1407,PAT-WT-A.TO,"04/22/2020, 09:17:34",0,0,0,0,0,0,0,0,0.0,0.0,0.0,0.0,Null,Null,Null
1408,PAT-WT-B.TO,"04/22/2020, 09:17:50",0,0,0,0,0,0,0,0,0.0,0.0,0.0,0.0,Null,Null,Null
1409,PAT-WT-C.TO,"04/22/2020, 09:18:05",0,0,0,0,0,0,0,0,0.0,0.0,0.0,0.0,Null,Null,Null
1410,PATH.TO,"04/22/2020, 09:18:22",3.09,6100000.0,18960000.0,22480000.0,-2590000.0,0.0,0.0,0.0,1862.0,7899.0,10765.0,-3443.0,2019-04-30,2019-04-30,2019-04-30
1411,PAYF.TO,"04/22/2020, 09:18:38",18.24,0,0,0,0,0,0,0,0.0,0.0,0.0,0.0,Null,Null,Null
1412,PBD.TO,"04/22/2020, 09:18:57",17.59,0,0,0,0,0,0,0,0.0,0.0,0.0,0.0,Null,Null,Null
1413,PBH.TO,"04/22/2020, 09:19:13",84.38,37300000.0,3150000000.0,4470000000.0,270200000.0,0.0,0.0,0.0,18400.0,1501900.0,3649400.0,164200.0,2019-12-31,2019-12-31,2019-12-31
1414,PBH-DB-E.TO,"04/22/2020, 09:19:29",0,0,0,0,0,0,0,0,0.0,0.0,0.0,0.0,Null,Null,Null
1415,PBH-DB-F.TO,"04/22/2020, 09:19:45",0,0,0,0,0,0,0,0,0.0,0.0,0.0,0.0,Null,Null,Null
1416,PBH-DB-G.TO,"04/22/2020, 09:20:01",0,0,0,0,0,0,0,0,0.0,0.0,0.0,0.0,Null,Null,Null
1417,PBI.TO,"04/22/2020, 09:20:18",28.83,0,0,0,0,0,0,0,0.0,0.0,0.0,0.0,Null,Null,Null
1418,PBI-B.TO,"04/22/2020, 09:20:34",32.7,0,0,0,0,0,0,0,0.0,0.0,0.0,0.0,Null,Null,Null
1419,PBL.TO,"04/22/2020, 09:20:51",14.26,25640000.0,365570000.0,501340000.0,57230000.0,0.0,0.0,0.0,7448.0,228981.0,397839.0,29295.0,2019-12-31,2019-12-31,2019-12-31
1420,PBY-UN.TO,"04/22/2020, 09:21:08",9.6,13140000.0,138740000.0,0.0,0,0,0,0,14810.0,55849.0,20322.0,70709.0,2017-12-31,2017-12-31,2017-12-31
1421,PCD-UN.TO,"04/22/2020, 09:21:23",6.48,2069999.9999999998,13400000.0,0.0,0,0,0,0,0.0,4211.0,3540.0,5539.0,2019-12-31,2019-12-31,2019-12-31
1422,PCON.TO,"04/22/2020, 09:21:39",20.01,0,0,0,0,0,0,0,0.0,0.0,0.0,0.0,Null,Null,Null
1423,PCOR.TO,"04/22/2020, 09:21:56",19.05,0,0,0,0,0,0,0,0.0,0.0,0.0,0.0,Null,Null,Null
1424,PD.TO,"04/22/2020, 09:22:12",0.41,274230000.0,112430000.0,1530000000.0,365200000.0,0.0,0.0,0.0,74701.0,1742408.0,1541320.0,288159.0,2019-12-31,2019-12-31,2019-12-31
1425,PDC.TO,"04/22/2020, 09:22:29",21.72,0,0,0,0,0,0,0,0.0,0.0,0.0,0.0,Null,Null,Null
1426,PDF.TO,"04/22/2020, 09:22:46",21.98,0,0,0,0,0,0,0,0.0,0.0,0.0,0.0,Null,Null,Null
1427,PDIV.TO,"04/22/2020, 09:23:02",8.69,0,0,0,0,0,0,0,0.0,0.0,0.0,0.0,Null,Null,Null
1428,PDV.TO,"04/22/2020, 09:23:20",3.82,0.0,3610000.0,-3410000.0,0,0,0.0,0.0,0.0,9641.0,2380.0,3086.0,2019-11-30,2019-11-30,2019-11-30
1429,PDV-PR-A.TO,"04/22/2020, 09:23:37",0,0,0,0,0,0,0,0,0.0,0.0,0.0,0.0,Null,Null,Null
1430,PEY.TO,"04/22/2020, 09:23:53",2.42,164870000.0,399000000.0,1500000000.0,368920000.0,0.0,0.0,0.0,6185.0,1883263.0,497955.0,316936.0,2019-12-31,2019-12-31,2019-12-31
1431,PFAE.TO,"04/22/2020, 09:24:11",8.47,0,0,0,0,0,0,0,0.0,0.0,0.0,0.0,Null,Null,Null
1432,PFB.TO,"04/22/2020, 09:24:29",10.69,6690000.0,71530000.0,69460000.0,17610000.0,0.0,0.0,0.0,20129.0,37059.0,133232.0,17537.0,2019-12-31,2019-12-31,2019-12-31
1433,PFH-F.TO,"04/22/2020, 09:24:46",17.81,0,0,0,0,0,0,0,0.0,0.0,0.0,0.0,Null,Null,Null
1434,PFIA.TO,"04/22/2020, 09:25:02",9.85,0,0,0,0,0,0,0,0.0,0.0,0.0,0.0,Null,Null,Null
1435,PFL.TO,"04/22/2020, 09:25:18",19.75,0,0,0,0,0,0,0,0.0,0.0,0.0,0.0,Null,Null,Null
1436,PFMN.TO,"04/22/2020, 09:25:36",9.93,0,0,0,0,0,0,0,0.0,0.0,0.0,0.0,Null,Null,Null
1437,PFMS.TO,"04/22/2020, 09:25:52",9.2,0,0,0,0,0,0,0,0.0,0.0,0.0,0.0,Null,Null,Null
1438,PFT-UN.TO,"04/22/2020, 09:26:08",4.3,0,10610000.0,0.0,0,0,0,0,24576.0,3993.0,-4409.0,11014.0,2019-03-31,2019-03-31,2019-03-31
1439,PG.TO,"04/22/2020, 09:26:25",1.72,235210000.0,404570000.0,379300000.0,-14010000.0,0.0,0.0,0.0,58439.0,130340.0,93750.0,23229.0,2019-12-31,2019-12-31,2019-12-31
1440,PGI-UN.TO,"04/22/2020, 09:26:40",8.5,0,0,0.0,0,0,0,0,0.0,0.0,0.0,0.0,Null,ttm,ttm
1441,PHE.TO,"04/22/2020, 09:26:56",23.05,0,0,0,0,0,0,0,0.0,0.0,0.0,0.0,Null,Null,Null
1442,PHE-B.TO,"04/22/2020, 09:27:13",24.65,0,0,0,0,0,0,0,0.0,0.0,0.0,0.0,Null,Null,Null
1443,PHO.TO,"04/22/2020, 09:27:28",1.01,104510000.0,105560000.0,73670000.0,7000000.0,0.0,0.0,0.0,33400.0,8723.0,32730.0,-817.0,2019-12-31,2019-12-31,2019-12-31
1444,PHR.TO,"04/22/2020, 09:27:44",17.34,0,0,0,0,0,0,0,0.0,0.0,0.0,0.0,Null,Null,Null
1445,PHW.TO,"04/22/2020, 09:28:01",16.48,0,0,0,0,0,0,0,0.0,0.0,0.0,0.0,Null,Null,Null
1446,PHX.TO,"04/22/2020, 09:28:16",0.55,53250000.0,29290000.0,86520000.0,41080000.0,0.0,0.0,0.0,10582.0,128309.0,362057.0,50173.0,2019-12-31,2019-12-31,2019-12-31
1447,PHYS.TO,"04/22/2020, 09:28:31",19.47,0,5030000000.0,0.0,0,0,0,0,0.0,424.0,363479.0,-11211.0,2019-12-31,2019-12-31,2019-12-31
1448,PHYS-U.TO,"04/22/2020, 09:28:47",13.69,0,0,0.0,0,0,0,0,0.0,0.0,0.0,0.0,Null,ttm,ttm
1449,PIC-A.TO,"04/22/2020, 09:29:03",3.95,13440000.0,53110000.0,-22930000.0,0,0,0.0,0.0,0.0,202262.0,21407.0,-60030.0,2019-10-31,2019-10-31,2019-10-31
1450,PIC-PR-A.TO,"04/22/2020, 09:29:19",0,0,0,0,0,0,0,0,0.0,0.0,0.0,0.0,Null,Null,Null
1451,PID.TO,"04/22/2020, 09:29:41",18.52,0,0,0,0,0,0,0,0.0,0.0,0.0,0.0,Null,Null,Null
1452,PIF.TO,"04/22/2020, 09:29:57",11.67,15710000.0,183290000.0,333240000.0,58060000.0,0.0,0.0,0.0,32597.0,256518.0,71251.0,44609.0,2019-12-31,2019-12-31,2019-12-31
1453,PIF-DB.TO,"04/22/2020, 09:30:13",91.04,0,0,0.0,0,0,0,0,0.0,0.0,0.0,0.0,Null,ttm,ttm
1454,PIN.TO,"04/22/2020, 09:30:29",16.65,0,0,0,0,0,0,0,0.0,0.0,0.0,0.0,Null,Null,Null
1455,PINC.TO,"04/22/2020, 09:30:46",14.74,0,0,0,0,0,0,0,0.0,0.0,0.0,0.0,Null,Null,Null
1456,PINV.TO,"04/22/2020, 09:31:02",20.43,0,0,0,0,0,0,0,0.0,0.0,0.0,0.0,Null,Null,Null
1457,PKI.TO,"04/22/2020, 09:31:18",26.7,148200000.0,3960000000.0,8000000000.0,1180000000.0,0.0,0.0,0.0,244000.0,6974000.0,18453000.0,897000.0,2019-12-31,2019-12-31,2019-12-31
1458,PL.TO,"04/22/2020, 09:31:34",6.39,33360000.0,213170000.0,616130000.0,25560000.0,0.0,0.0,0.0,11267.0,421194.0,377808.0,32962.0,2019-12-31,2019-12-31,2019-12-31
1459,PLC.TO,"04/22/2020, 09:31:52",19.81,29350000.0,581520000.0,742030000.0,38190000.0,0.0,0.0,0.0,21255.0,859996.0,244259.0,49466.0,2019-12-31,2019-12-31,2019-12-31
1460,PLDI.TO,"04/22/2020, 09:32:09",19.27,0,0,0,0,0,0,0,0.0,0.0,0.0,0.0,Null,Null,Null
1461,PLV.TO,"04/22/2020, 09:32:26",20.79,0,0,0,0,0,0,0,0.0,0.0,0.0,0.0,Null,Null,Null
1462,PLZ-DB-E.TO,"04/22/2020, 09:32:44",0,0,0,0,0,0,0,0,0.0,0.0,0.0,0.0,Null,Null,Null
1463,PLZ-UN.TO,"04/22/2020, 09:33:00",2.89,102170000.0,295270000.0,952190000.0,0,0,0.0,0.0,8845.0,690520.0,112461.0,42653.0,2019-12-31,2019-12-31,2019-12-31
1464,PMB-UN.TO,"04/22/2020, 09:33:16",7.33,0,0,0.0,0,0,0,0,0.0,0.0,0.0,0.0,Null,ttm,ttm
1465,PME.TO,"04/22/2020, 09:33:34",1.93,14300000.0,27590000.0,-3540000.0,0,0,0,0.0,0.0,0.0,0.0,0.0,Null,ttm,ttm
1466,PMIF.TO,"04/22/2020, 09:33:51",18.65,0,0,0,0,0,0,0,0.0,0.0,0.0,0.0,Null,Null,Null
1467,PMIF-U.TO,"04/22/2020, 09:34:10",19.51,0,0,0,0,0,0,0,0.0,0.0,0.0,0.0,Null,Null,Null
1468,PMM.TO,"04/22/2020, 09:34:28",18.75,0,0,0,0,0,0,0,0.0,0.0,0.0,0.0,Null,Null,Null
1469,PMN.TO,"04/22/2020, 09:34:45",0.16,281700000.0,45070000.0,45930000.0,-7390000.0,0.0,0,0.0,1704.0,1676.0,1.0,-6090.0,2019-12-31,2019-12-31,2019-12-31
1470,PMNT.TO,"04/22/2020, 09:35:03",19.5,0,0,0,0,0,0,0,0.0,0.0,0.0,0.0,Null,Null,Null
1471,PMT.TO,"04/22/2020, 09:35:21",0.05,60510000.0,3030000.0,115550000.0,0.0,0.0,0.0,0.0,15220.0,193130.0,74361.0,17806.0,2019-12-31,2019-12-31,2019-12-31
1472,PMTS.TO,"04/22/2020, 09:35:40",0.98,11230000.0,9940000.0,313540000.0,36550000.0,0.0,0,0.0,18682.0,365922.0,278073.0,2841.0,2019-12-31,2019-12-31,2019-12-31
1473,PNC-A.TO,"04/22/2020, 09:35:58",1.5,0.0,126560000.0,430540000.0,37020000.0,0.0,0,0.0,15464.0,435470.0,619638.0,8613.0,2019-08-31,2019-08-31,2019-08-31
1474,PNC-B.TO,"04/22/2020, 09:36:14",1.35,93680000.0,126560000.0,416480000.0,37020000.0,0.0,0,0.0,15464.0,435470.0,619638.0,8613.0,2019-08-31,2019-08-31,2019-08-31
1475,PNE.TO,"04/22/2020, 09:36:33",0.125,327780000.0,40970000.0,96660000.0,9540000.0,0.0,0.0,0.0,8661.0,313225.0,105006.0,15536.0,2019-12-31,2019-12-31,2019-12-31
1476,PNP.TO,"04/22/2020, 09:36:49",1.09,9050000.0,9860000.0,3860000.0,0,0,0.0,0.0,0.0,329.0,2392.0,-1044.0,2019-12-31,2019-12-31,2019-12-31
1477,POM.TO,"04/22/2020, 09:37:05",0.33,1010000000.0,333370000.0,340670000.0,-6510000.0,0.0,0.0,0.0,7401.0,73175.0,0.0,-4472.0,2019-12-31,2019-12-31,2019-12-31
1478,PONY.TO,"04/22/2020, 09:37:23",0.27,161000000.0,43470000.0,840960000.0,71830000.0,0.0,0.0,0.0,0.0,942623.0,302750.0,88554.0,2019-12-31,2019-12-31,2019-12-31
1479,POU.TO,"04/22/2020, 09:37:45",1.36,134199999.99999999,181340000.0,848470000.0,357820000.0,0.0,0.0,0.0,6016.0,1448125.0,914881.0,255694.0,2019-12-31,2019-12-31,2019-12-31
1480,POW.TO,"04/22/2020, 09:38:10",20.14,628330000.0,14420000000.0,-47980000000.0,4480000000.0,0.0,0.0,0.0,0.0,440665000.0,48841000.0,6621000.0,2019-12-31,2019-12-31,2019-12-31
1481,POW-PR-A.TO,"04/22/2020, 09:38:33",0,0,0,0,0,0,0,0,0.0,0.0,0.0,0.0,Null,Null,Null
1482,POW-PR-B.TO,"04/22/2020, 09:39:15",0,0,0,0,0,0,0,0,0.0,0.0,0.0,0.0,Null,Null,Null
1483,POW-PR-C.TO,"04/22/2020, 09:39:35",0,0,0,0,0,0,0,0,0.0,0.0,0.0,0.0,Null,Null,Null
1484,POW-PR-D.TO,"04/22/2020, 09:39:55",0,0,0,0,0,0,0,0,0.0,0.0,0.0,0.0,Null,Null,Null
1485,POW-PR-F.TO,"04/22/2020, 09:40:34",0,0,0,0,0,0,0,0,0.0,0.0,0.0,0.0,Null,Null,Null
1486,POW-PR-G.TO,"04/22/2020, 09:40:53",0,0,0,0,0,0,0,0,0.0,0.0,0.0,0.0,Null,Null,Null
1487,PPL.TO,"04/22/2020, 09:41:13",26.59,549780000.0,14620000000.0,28430000000.0,2220000000.0,0.0,0.0,0.0,129000.0,16383000.0,7230000.0,2532000.0,2019-12-31,2019-12-31,2019-12-31
1488,PPL-PF-A.TO,"04/22/2020, 09:41:31",0,0,0,0,0,0,0,0,0.0,0.0,0.0,0.0,Null,Null,Null
1489,PPL-PF-C.TO,"04/22/2020, 09:41:54",0,0,0,0,0,0,0,0,0.0,0.0,0.0,0.0,Null,Null,Null
1490,PPL-PF-E.TO,"04/22/2020, 09:42:25",0,0,0,0,0,0,0,0,0.0,0.0,0.0,0.0,Null,Null,Null
1491,PPL-PR-A.TO,"04/22/2020, 09:42:44",0,0,0,0,0,0,0,0,0.0,0.0,0.0,0.0,Null,Null,Null
1492,PPL-PR-C.TO,"04/22/2020, 09:43:01",0,0,0,0,0,0,0,0,0.0,0.0,0.0,0.0,Null,Null,Null
1493,PPL-PR-E.TO,"04/22/2020, 09:43:32",0,0,0,0,0,0,0,0,0.0,0.0,0.0,0.0,Null,Null,Null
1494,PPL-PR-G.TO,"04/22/2020, 09:44:01",0,0,0,0,0,0,0,0,0.0,0.0,0.0,0.0,Null,Null,Null
1495,PPL-PR-I.TO,"04/22/2020, 09:44:22",0,0,0,0,0,0,0,0,0.0,0.0,0.0,0.0,Null,Null,Null
1496,PPL-PR-K.TO,"04/22/2020, 09:44:38",0,0,0,0,0,0,0,0,0.0,0.0,0.0,0.0,Null,Null,Null
1497,PPL-PR-M.TO,"04/22/2020, 09:45:03",0,0,0,0,0,0,0,0,0.0,0.0,0.0,0.0,Null,Null,Null
1498,PPL-PR-O.TO,"04/22/2020, 09:45:32",0,0,0,0,0,0,0,0,0.0,0.0,0.0,0.0,Null,Null,Null
1499,PPL-PR-Q.TO,"04/22/2020, 09:45:53",0,0,0,0,0,0,0,0,0.0,0.0,0.0,0.0,Null,Null,Null
1500,PPL-PR-S.TO,"04/22/2020, 09:46:09",0,0,0,0,0,0,0,0,0.0,0.0,0.0,0.0,Null,Null,Null
1501,PPR.TO,"04/22/2020, 09:46:32",0.015,171310000.0,2570000.0,120940000.0,17370000.0,0.0,0.0,0.0,1867.0,290682.0,75802.0,16553.0,2018-12-31,2018-12-31,2018-12-31
1502,PPS.TO,"04/22/2020, 09:46:53",11.33,0,0,0,0,0,0,0,0.0,0.0,0.0,0.0,Null,Null,Null
1503,PR.TO,"04/22/2020, 09:47:10",6.72,0,0,0,0,0,0,0,0.0,0.0,0.0,0.0,Null,Null,Null
1504,PRA.TO,"04/22/2020, 09:47:27",15.27,0,0,0,0,0,0,0,0.0,0.0,0.0,0.0,Null,Null,Null
1505,PREF.TO,"04/22/2020, 09:47:46",22.38,0,0,0,0,0,0,0,0.0,0.0,0.0,0.0,Null,Null,Null
1506,PRM.TO,"04/22/2020, 09:48:02",12.2,1060000.0,12910000.0,0.0,0,0,0,0,26868.0,10867.0,3779.0,8679.0,2019-12-31,2019-12-31,2019-12-31
1507,PRM-PR-A.TO,"04/22/2020, 09:48:18",0,0,0,0,0,0,0,0,0.0,0.0,0.0,0.0,Null,Null,Null
1508,PRMW.TO,"04/22/2020, 09:48:33",13.44,134830000.0,2100000000.0,3150000000.0,307600000.0,0.0,0.0,0.0,205500.0,2224700.0,2394500.0,246800.0,2019-12-31,2019-12-31,2019-12-31
1509,PRN.TO,"04/22/2020, 09:48:49",16.5,15690000.0,258880000.0,253900000.0,-19110000.0,0.0,0.0,0.0,19222.0,20378.0,5528.0,-20030.0,2019-12-31,2019-12-31,2019-12-31
1510,PRP.TO,"04/22/2020, 09:49:07",19.03,0,0,0,0,0,0,0,0.0,0.0,0.0,0.0,Null,Null,Null
1511,PRQ.TO,"04/22/2020, 09:49:22",0.105,49470000.0,5190000.0,131509999.99999999,31040000.0,0.0,0.0,0.0,256.0,182525.0,71398.0,27822.0,2019-12-31,2019-12-31,2019-12-31
1512,PRU.TO,"04/22/2020, 09:49:39",0.93,1170000000.0,1070000000.0000001,1090000000.0,0,0,0.0,0.0,125406.0,185771.0,508646.0,0.0,2019-06-30,2019-06-30,2019-06-30
1513,PRV-UN.TO,"04/22/2020, 09:49:56",3.85,37310000.0,143650000.0,517730000.0,28650000.0,0.0,0.0,0.0,5302.0,399127.0,57627.0,17435.0,2019-12-31,2019-12-31,2019-12-31
1514,PSA.TO,"04/22/2020, 09:50:13",50.03,0,0,0,0,0,0,0,0.0,0.0,0.0,0.0,Null,Null,Null
1515,PSB.TO,"04/22/2020, 09:50:30",17.93,0,0,0,0,0,0,0,0.0,0.0,0.0,0.0,Null,Null,Null
1516,PSD.TO,"04/22/2020, 09:50:46",0.99,53790000.0,53260000.0,85470000.0,17300000.0,0.0,0.0,0.0,23016.0,3609.0,10188.0,-3250.0,2018-12-31,2018-12-31,2018-12-31
1517,PSI.TO,"04/22/2020, 09:51:04",6.77,84540000.0,572320000.0,406300000.0,109660000.0,0.0,0.0,0.0,161016.0,91387.0,295642.0,108547.0,2019-12-31,2019-12-31,2019-12-31
1518,PSK.TO,"04/22/2020, 09:51:20",8.99,233100000.0,2080000000.0,1810000000.0,221900000.0,0.0,0.0,0.0,0.0,233800.0,268400.0,209700.0,2019-12-31,2019-12-31,2019-12-31
1519,PSLV.TO,"04/22/2020, 09:51:37",7.94,0,0,0.0,0,0,0,0,0.0,0.0,0.0,0.0,Null,ttm,ttm
1520,PSLV-U.TO,"04/22/2020, 09:51:53",5.51,0,0,0.0,0,0,0,0,0.0,0.0,0.0,0.0,Null,ttm,ttm
1521,PSU-U.TO,"04/22/2020, 09:52:11",100.02,0,0,0,0,0,0,0,0.0,0.0,0.0,0.0,Null,Null,Null
1522,PSY.TO,"04/22/2020, 09:52:27",21.98,0,0,0,0,0,0,0,0.0,0.0,0.0,0.0,Null,Null,Null
1523,PSY-U.TO,"04/22/2020, 09:52:45",15.19,0,0,0,0,0,0,0,0.0,0.0,0.0,0.0,Null,Null,Null
1524,PTB.TO,"04/22/2020, 09:53:03",18.95,0,0,0,0,0,0,0,0.0,0.0,0.0,0.0,Null,Null,Null
1525,PTG.TO,"04/22/2020, 09:53:19",1.4,39410000.0,55180000.0,165450000.0,21580000.0,0.0,0.0,0.0,27275.0,405200.0,1218124.0,-1247.0,2019-12-31,2019-12-31,2019-12-31
1526,PTM.TO,"04/22/2020, 09:53:36",2.15,62350000.0,134050000.00000001,181930000.0,-4620000.0,0.0,0.0,0.0,5550.0,44820.0,0.0,-4952.0,2019-08-31,2019-08-31,2019-08-31
1527,PTS.TO,"04/22/2020, 09:53:53",12.79,13240000.0,169360000.0,96860000.0,19930000.0,0.0,0.0,0.0,69965.0,99508.0,401177.0,24364.0,2019-12-31,2019-12-31,2019-12-31
1528,PUD.TO,"04/22/2020, 09:54:13",18.83,0,0,0,0,0,0,0,0.0,0.0,0.0,0.0,Null,Null,Null
1529,PUD-B.TO,"04/22/2020, 09:54:30",23.17,0,0,0,0,0,0,0,0.0,0.0,0.0,0.0,Null,Null,Null
1530,PVG.TO,"04/22/2020, 09:54:46",11.4,185520000.0,2109999999.9999998,2540000000.0,210410000.0,0.0,0.0,0.0,23174.0,618865.0,484540.0,225073.0,2019-12-31,2019-12-31,2019-12-31
1531,PVS-PR-D.TO,"04/22/2020, 09:55:01",0,0,0,0,0,0,0,0,0.0,0.0,0.0,0.0,Null,Null,Null
1532,PVS-PR-E.TO,"04/22/2020, 09:55:19",0,0,0,0,0,0,0,0,0.0,0.0,0.0,0.0,Null,Null,Null
1533,PVS-PR-F.TO,"04/22/2020, 09:55:35",0,0,0,0,0,0,0,0,0.0,0.0,0.0,0.0,Null,Null,Null
1534,PVS-PR-G.TO,"04/22/2020, 09:55:51",0,0,0,0,0,0,0,0,0.0,0.0,0.0,0.0,Null,Null,Null
1535,PVS-PR-H.TO,"04/22/2020, 09:56:07",0,0,0,0,0,0,0,0,0.0,0.0,0.0,0.0,Null,Null,Null
1536,PWF-PR-A.TO,"04/22/2020, 09:56:23",0,0,0,0,0,0,0,0,0.0,0.0,0.0,0.0,Null,Null,Null
1537,PWF-PR-E.TO,"04/22/2020, 09:56:39",0,0,0,0,0,0,0,0,0.0,0.0,0.0,0.0,Null,Null,Null
1538,PWF-PR-F.TO,"04/22/2020, 09:56:56",0,0,0,0,0,0,0,0,0.0,0.0,0.0,0.0,Null,Null,Null
1539,PWF-PR-G.TO,"04/22/2020, 09:57:13",0,0,0,0,0,0,0,0,0.0,0.0,0.0,0.0,Null,Null,Null
1540,PWF-PR-H.TO,"04/22/2020, 09:57:31",0,0,0,0,0,0,0,0,0.0,0.0,0.0,0.0,Null,Null,Null
1541,PWF-PR-I.TO,"04/22/2020, 09:57:47",0,0,0,0,0,0,0,0,0.0,0.0,0.0,0.0,Null,Null,Null
1542,PWF-PR-K.TO,"04/22/2020, 09:58:04",0,0,0,0,0,0,0,0,0.0,0.0,0.0,0.0,Null,Null,Null
1543,PWF-PR-L.TO,"04/22/2020, 09:58:25",0,0,0,0,0,0,0,0,0.0,0.0,0.0,0.0,Null,Null,Null
1544,PWF-PR-O.TO,"04/22/2020, 09:58:41",0,0,0,0,0,0,0,0,0.0,0.0,0.0,0.0,Null,Null,Null
1545,PWF-PR-P.TO,"04/22/2020, 09:58:56",0,0,0,0,0,0,0,0,0.0,0.0,0.0,0.0,Null,Null,Null
1546,PWF-PR-Q.TO,"04/22/2020, 09:59:13",0,0,0,0,0,0,0,0,0.0,0.0,0.0,0.0,Null,Null,Null
1547,PWF-PR-R.TO,"04/22/2020, 09:59:31",0,0,0,0,0,0,0,0,0.0,0.0,0.0,0.0,Null,Null,Null
1548,PWF-PR-S.TO,"04/22/2020, 09:59:46",0,0,0,0,0,0,0,0,0.0,0.0,0.0,0.0,Null,Null,Null
1549,PWF-PR-T.TO,"04/22/2020, 10:00:02",0,0,0,0,0,0,0,0,0.0,0.0,0.0,0.0,Null,Null,Null
1550,PWF-PR-Z.TO,"04/22/2020, 10:00:17",0,0,0,0,0,0,0,0,0.0,0.0,0.0,0.0,Null,Null,Null
1551,PXC.TO,"04/22/2020, 10:00:34",20.83,0,0,0,0,0,0,0,0.0,0.0,0.0,0.0,Null,Null,Null
1552,PXG.TO,"04/22/2020, 10:00:52",19.67,0,0,0,0,0,0,0,0.0,0.0,0.0,0.0,Null,Null,Null
1553,PXG-U.TO,"04/22/2020, 10:01:13",13.83,0,0,0,0,0,0,0,0.0,0.0,0.0,0.0,Null,Null,Null
1554,PXS.TO,"04/22/2020, 10:01:30",23.95,0,0,0,0,0,0,0,0.0,0.0,0.0,0.0,Null,Null,Null
1555,PXS-U.TO,"04/22/2020, 10:01:46",17.71,0,0,0,0,0,0,0,0.0,0.0,0.0,0.0,Null,Null,Null
1556,PXT.TO,"04/22/2020, 10:02:02",13.63,142300000.0,1940000000.0,1400000000.0,662060000.0,0.0,0.0,0.0,396839.0,282136.0,1113622.0,365067.0,2019-12-31,2019-12-31,2019-12-31
1557,PXU-F.TO,"04/22/2020, 10:02:18",32.82,0,0,0,0,0,0,0,0.0,0.0,0.0,0.0,Null,Null,Null
1558,PYF.TO,"04/22/2020, 10:02:36",16.72,0,0,0,0,0,0,0,0.0,0.0,0.0,0.0,Null,Null,Null
1559,PYF-B.TO,"04/22/2020, 10:02:53",19.03,0,0,0,0,0,0,0,0.0,0.0,0.0,0.0,Null,Null,Null
1560,PYF-U.TO,"04/22/2020, 10:03:11",18.36,0,0,0,0,0,0,0,0.0,0.0,0.0,0.0,Null,Null,Null
1561,PZA.TO,"04/22/2020, 10:03:26",8.13,24620000.0,200150000.0,300960000.0,0,0,0.0,0.0,3285.0,71549.0,35946.0,28297.0,2019-12-31,2019-12-31,2019-12-31
1562,PZC.TO,"04/22/2020, 10:03:44",16.5,0,0,0,0,0,0,0,0.0,0.0,0.0,0.0,Null,Null,Null
1563,PZW.TO,"04/22/2020, 10:04:00",20.65,0,0,0,0,0,0,0,0.0,0.0,0.0,0.0,Null,Null,Null
1564,PZW-F.TO,"04/22/2020, 10:04:17",14.1,0,0,0,0,0,0,0,0.0,0.0,0.0,0.0,Null,Null,Null
1565,QAH.TO,"04/22/2020, 10:04:36",94.5,0,0,0,0,0,0,0,0.0,0.0,0.0,0.0,Null,Null,Null
1566,QBB.TO,"04/22/2020, 10:04:57",107.29,0,0,0,0,0,0,0,0.0,0.0,0.0,0.0,Null,Null,Null
1567,QBR-A.TO,"04/22/2020, 10:05:15",29.76,77230000.0,7580000000.0,13910000000.0,1730000000.0,0.0,0.0,0.0,14000.0,8653800.0,4293800.0,1211800.0,2019-12-31,2019-12-31,2019-12-31
1568,QBR-B.TO,"04/22/2020, 10:05:32",29.73,177830000.0,7570000000.0,13910000000.0,1730000000.0,0.0,0.0,0.0,14000.0,8653800.0,4293800.0,1211800.0,2019-12-31,2019-12-31,2019-12-31
1569,QBTC-U.TO,"04/22/2020, 10:05:48",10.65,0,0,0.0,0,0,0,0,0.0,0.0,0.0,0.0,Null,ttm,ttm
1570,QBTL.TO,"04/22/2020, 10:06:05",27.01,0,0,0,0,0,0,0,0.0,0.0,0.0,0.0,Null,Null,Null
1571,QCD.TO,"04/22/2020, 10:06:22",22.89,0,0,0,0,0,0,0,0.0,0.0,0.0,0.0,Null,Null,Null
1572,QCE.TO,"04/22/2020, 10:06:39",89.59,0,0,0,0,0,0,0,0.0,0.0,0.0,0.0,Null,Null,Null
1573,QCN.TO,"04/22/2020, 10:06:57",86.68,0,0,0,0,0,0,0,0.0,0.0,0.0,0.0,Null,Null,Null
1574,QDX.TO,"04/22/2020, 10:07:13",84.8,0,0,0,0,0,0,0,0.0,0.0,0.0,0.0,Null,Null,Null
1575,QDXH.TO,"04/22/2020, 10:07:29",77.0,0,0,0,0,0,0,0,0.0,0.0,0.0,0.0,Null,Null,Null
1576,QEBL.TO,"04/22/2020, 10:07:46",92.0,0,0,0,0,0,0,0,0.0,0.0,0.0,0.0,Null,Null,Null
1577,QEC.TO,"04/22/2020, 10:08:02",0.105,427910000.0,44930000.0,45510000.0,71780000.0,0.0,0.0,0.0,15037.0,49406.0,32847.0,11337.0,2019-12-31,2019-12-31,2019-12-31
1578,QEM.TO,"04/22/2020, 10:08:18",25.22,0,0,0,0,0,0,0,0.0,0.0,0.0,0.0,Null,Null,Null
1579,QGL.TO,"04/22/2020, 10:08:38",28.44,0,0,0,0,0,0,0,0.0,0.0,0.0,0.0,Null,Null,Null
1580,QHY.TO,"04/22/2020, 10:09:00",88.28,0,0,0,0,0,0,0,0.0,0.0,0.0,0.0,Null,Null,Null
1581,QIE.TO,"04/22/2020, 10:09:19",25.23,0,0,0,0,0,0,0,0.0,0.0,0.0,0.0,Null,Null,Null
1582,QMY.TO,"04/22/2020, 10:09:37",24.81,0,0,0,0,0,0,0,0.0,0.0,0.0,0.0,Null,Null,Null
1583,QQC-F.TO,"04/22/2020, 10:09:56",71.71,0,0,0,0,0,0,0,0.0,0.0,0.0,0.0,Null,Null,Null
1584,QSB.TO,"04/22/2020, 10:10:16",101.55,0,0,0,0,0,0,0,0.0,0.0,0.0,0.0,Null,Null,Null
1585,QSP-UN.TO,"04/22/2020, 10:10:34",60.25,165520000.0,22130000000.0,34820000000.0,2210000000.0,0.0,0.0,0.0,1533000.0,18101000.0,5603000.0,1476000.0,2019-12-31,2019-12-31,2019-12-31
1586,QSR.TO,"04/22/2020, 10:11:26",61.32,298280000.0,18280000000.0,33030000000.0,2210000000.0,0.0,0.0,0.0,1533000.0,18101000.0,5603000.0,1476000.0,2019-12-31,2019-12-31,2019-12-31
1587,QTRH.TO,"04/22/2020, 10:11:54",1.65,118820000.0,196050000.0,137830000.0,43800000.0,0.0,0.0,0.0,68611.0,37069.0,146720.0,7548.0,2019-12-31,2019-12-31,2019-12-31
1588,QUDV.TO,"04/22/2020, 10:12:12",20.27,0,0,0,0,0,0,0,0.0,0.0,0.0,0.0,Null,Null,Null
1589,QUIG.TO,"04/22/2020, 10:12:51",104.24,0,0,0,0,0,0,0,0.0,0.0,0.0,0.0,Null,Null,Null
1590,QUS.TO,"04/22/2020, 10:13:09",31.28,0,0,0,0,0,0,0,0.0,0.0,0.0,0.0,Null,Null,Null
1591,QUU.TO,"04/22/2020, 10:13:28",112.08,0,0,0,0,0,0,0,0.0,0.0,0.0,0.0,Null,Null,Null
1592,QXM.TO,"04/22/2020, 10:13:48",16.89,0,0,0,0,0,0,0,0.0,0.0,0.0,0.0,Null,Null,Null
1593,RA-UN.TO,"04/22/2020, 10:14:05",8.95,0,0,0,0,0,0,0,0.0,0.0,0.0,0.0,Null,Null,Null
1594,RAV-UN.TO,"04/22/2020, 10:14:20",16.0,1670000.0,26770000.0,-2890000.0,0,0,0,0.0,0.0,0.0,0.0,0.0,Null,ttm,ttm
1595,RAY-A.TO,"04/22/2020, 10:14:36",4.43,52690000.0,315770000.0,731380000.0,101650000.0,0.0,0.0,0.0,4673.0,547529.0,212650.0,34753.0,2019-03-31,2019-03-31,2019-03-31
1596,RAY-B.TO,"04/22/2020, 10:14:53",4.36,0.0,304930000.0,738150000.0,101650000.0,0.0,0.0,0.0,4673.0,547529.0,212650.0,34753.0,2019-03-31,2019-03-31,2019-03-31
1597,RBA.TO,"04/22/2020, 10:15:34",58.96,109580000.0,6460000000.0,6810000000.0,262079999.99999997,0.0,0.0,0.0,359671.0,1322443.0,1318641.0,332793.0,2019-12-31,2019-12-31,2019-12-31
1598,RBDI.TO,"04/22/2020, 10:15:52",18.56,0,0,0,0,0,0,0,0.0,0.0,0.0,0.0,Null,Null,Null
1599,RBN-UN.TO,"04/22/2020, 10:16:14",5.85,14110000.0,82540000.0,74020000.0,0,0,0,0.0,0.0,1046.0,24216.0,19753.0,2019-12-31,2019-12-31,2019-12-31
1600,RBNK.TO,"04/22/2020, 10:16:31",15.06,0,0,0,0,0,0,0,0.0,0.0,0.0,0.0,Null,Null,Null
1601,RBO.TO,"04/22/2020, 10:17:10",19.13,0,0,0,0,0,0,0,0.0,0.0,0.0,0.0,Null,Null,Null
1602,RBOT.TO,"04/22/2020, 10:17:28",19.35,0,0,0,0,0,0,0,0.0,0.0,0.0,0.0,Null,Null,Null
1603,RBOT-U.TO,"04/22/2020, 10:17:46",14.0,0,0,0,0,0,0,0,0.0,0.0,0.0,0.0,Null,Null,Null
1604,RCD.TO,"04/22/2020, 10:18:05",16.77,0,0,0,0,0,0,0,0.0,0.0,0.0,0.0,Null,Null,Null
1605,RCE.TO,"04/22/2020, 10:18:22",18.5,0,0,0,0,0,0,0,0.0,0.0,0.0,0.0,Null,Null,Null
1606,RCH.TO,"04/22/2020, 10:18:38",23.99,56290000.0,1350000000.0,1430000000.0,112780000.0,0.0,0.0,0.0,24701.0,103172.0,1041647.0,88167.0,2019-11-30,2019-11-30,2019-11-30
1607,RCI-A.TO,"04/22/2020, 10:18:54",60.0,111160000.0,29120000000.0,51150000000.0,6030000000.0,0.0,0.0,0.0,494000.0,27603000.0,15073000.0,4526000.0,2019-12-31,2019-12-31,2019-12-31
1608,RCI-B.TO,"04/22/2020, 10:19:10",56.95,393770000.0,29090000000.0,48340000000.0,6030000000.0,0.0,0.0,0.0,494000.0,27603000.0,15073000.0,4526000.0,2019-12-31,2019-12-31,2019-12-31
1609,RCO-UN.TO,"04/22/2020, 10:19:25",9.9,2069999.9999999998,20450000.0,0.0,0,0,0,0,0.0,601.0,4736.0,5367.0,2019-12-31,2019-12-31,2019-12-31
1610,RDL.TO,"04/22/2020, 10:19:41",0.7,17220000.0,12050000.0,7330000.0,-2460000.0,0.0,0.0,0.0,6508.0,10227.0,23659.0,-1228.0,2019-12-31,2019-12-31,2019-12-31
1611,REAL.TO,"04/22/2020, 10:19:56",16.1,84950000.0,1370000000.0,1290000000.0,39780000.0,0.0,0.0,0.0,71680.0,28922.0,322537.0,25643.0,2019-09-30,2019-09-30,2019-09-30
1612,RECP.TO,"04/22/2020, 10:20:12",12.22,22320000.0,688940000.0,1970000000.0,213560000.0,0.0,0.0,0.0,40351.0,1919080.0,1252451.0,227037.0,2019-12-31,2019-12-31,2019-12-31
1613,REI-UN.TO,"04/22/2020, 10:20:28",15.56,317710000.0,4940000000.0,11240000000.0,717890000.0,0.0,0.0,0.0,93516.0,6883115.0,1326325.0,568728.0,2019-12-31,2019-12-31,2019-12-31
1614,REIT.TO,"04/22/2020, 10:20:45",18.01,0,0,0,0,0,0,0,0.0,0.0,0.0,0.0,Null,Null,Null
1615,RET.TO,"04/22/2020, 10:21:01",0.58,13440000.0,19450000.0,161280000.0,5510000.0,0.0,0.0,0.0,162208.0,153220.0,923018.0,42005.0,2019-01-31,2019-01-31,2019-01-31
1616,RET-A.TO,"04/22/2020, 10:21:17",0.295,35430000.0,17440000.0,150280000.0,5510000.0,0.0,0.0,0.0,162208.0,153220.0,923018.0,42005.0,2019-01-31,2019-01-31,2019-01-31
1617,RFP.TO,"04/22/2020, 10:21:32",2.25,87360000.0,193120000.0,699260000.0,213000000.0,0.0,0.0,0.0,3000.0,2391000.0,2923000.0,85000.0,2019-12-31,2019-12-31,2019-12-31
1618,RGRE.TO,"04/22/2020, 10:21:49",15.0,0,0,0,0,0,0,0,0.0,0.0,0.0,0.0,Null,Null,Null
1619,RIB-UN.TO,"04/22/2020, 10:22:05",16.35,0,0,0.0,0,0,0,0,0.0,0.0,0.0,0.0,Null,ttm,ttm
1620,RID.TO,"04/22/2020, 10:22:22",19.53,0,0,0,0,0,0,0,0.0,0.0,0.0,0.0,Null,Null,Null
1621,RID-U.TO,"04/22/2020, 10:22:40",14.01,0,0,0,0,0,0,0,0.0,0.0,0.0,0.0,Null,Null,Null
1622,RIDH.TO,"04/22/2020, 10:22:57",18.33,0,0,0,0,0,0,0,0.0,0.0,0.0,0.0,Null,Null,Null
1623,RIE.TO,"04/22/2020, 10:23:16",18.6,0,0,0,0,0,0,0,0.0,0.0,0.0,0.0,Null,Null,Null
1624,RIE-U.TO,"04/22/2020, 10:23:34",13.39,0,0,0,0,0,0,0,0.0,0.0,0.0,0.0,Null,Null,Null
1625,RIEH.TO,"04/22/2020, 10:23:51",16.63,0,0,0,0,0,0,0,0.0,0.0,0.0,0.0,Null,Null,Null
1626,RIFI.TO,"04/22/2020, 10:24:08",20.19,0,0,0,0,0,0,0,0.0,0.0,0.0,0.0,Null,Null,Null
1627,RIG.TO,"04/22/2020, 10:24:24",18.3,0,0,0,0,0,0,0,0.0,0.0,0.0,0.0,Null,Null,Null
1628,RIG-U.TO,"04/22/2020, 10:24:40",13.0,0,0,0,0,0,0,0,0.0,0.0,0.0,0.0,Null,Null,Null
1629,RIIN.TO,"04/22/2020, 10:24:56",16.58,0,0,0,0,0,0,0,0.0,0.0,0.0,0.0,Null,Null,Null
1630,RIRA.TO,"04/22/2020, 10:25:13",16.98,0,0,0,0,0,0,0,0.0,0.0,0.0,0.0,Null,Null,Null
1631,RIT.TO,"04/22/2020, 10:25:29",14.76,0,0,0,0,0,0,0,0.0,0.0,0.0,0.0,Null,Null,Null
1632,RIV.TO,"04/22/2020, 10:25:46",0.8,155680000.0,153720000.0,108190000.0,0,0,0.0,0.0,104183.0,11099.0,0.0,-2633.0,2019-03-31,2019-03-31,2019-03-31
1633,RLB.TO,"04/22/2020, 10:26:02",19.43,0,0,0,0,0,0,0,0.0,0.0,0.0,0.0,Null,Null,Null
1634,RLD.TO,"04/22/2020, 10:26:18",21.8,0,0,0,0,0,0,0,0.0,0.0,0.0,0.0,Null,Null,Null
1635,RLE.TO,"04/22/2020, 10:26:34",23.25,0,0,0,0,0,0,0,0.0,0.0,0.0,0.0,Null,Null,Null
1636,RMBO.TO,"04/22/2020, 10:26:52",20.8,0,0,0,0,0,0,0,0.0,0.0,0.0,0.0,Null,Null,Null
1637,RME.TO,"04/22/2020, 10:27:07",4.15,19260000.0,79920000.0,557710000.0,34660000.0,0.0,0.0,0.0,6554.0,514995.0,775070.0,33724.0,2019-12-31,2019-12-31,2019-12-31
1638,RMX.TO,"04/22/2020, 10:27:22",0.93,95580000.0,88890000.0,92800000.0,-18650000.0,0.0,0.0,0.0,13755.0,23732.0,0.0,-18061.0,2019-12-31,2019-12-31,2019-12-31
1639,RNW.TO,"04/22/2020, 10:27:38",14.11,265600000.00000003,3750000000.0,4890000000.0,268000000.0,0.0,0.0,0.0,81000.0,1389000.0,446000.0,331000.0,2019-12-31,2019-12-31,2019-12-31
1640,RNX.TO,"04/22/2020, 10:27:54",0.395,608300000.0,240280000.0,231480000.0,25300000.0,0.0,0.0,0.0,34814.0,85495.0,128036.0,15179.0,2019-12-31,2019-12-31,2019-12-31
1641,RNX-WT.TO,"04/22/2020, 10:28:09",0,0,0,0,0,0,0,0,0.0,0.0,0.0,0.0,Null,Null,Null
1642,ROOT.TO,"04/22/2020, 10:28:25",0.77,42120000.0,32439999.999999996,320000000.0,33520000.000000004,0.0,0.0,0.0,1991.0,166410.0,329028.0,19364.0,2019-01-31,2019-01-31,2019-01-31
1643,ROXG.TO,"04/22/2020, 10:28:41",1.1,371560000.0,408720000.0,394890000.0,79020000.0,0.0,0.0,0.0,41780.0,110252.0,181978.0,87476.0,2019-12-31,2019-12-31,2019-12-31
1644,RPD.TO,"04/22/2020, 10:28:58",17.4,0,0,0,0,0,0,0,0.0,0.0,0.0,0.0,Null,Null,Null
1645,RPD-U.TO,"04/22/2020, 10:29:16",12.38,0,0,0,0,0,0,0,0.0,0.0,0.0,0.0,Null,Null,Null
1646,RPDH.TO,"04/22/2020, 10:29:34",17.08,0,0,0,0,0,0,0,0.0,0.0,0.0,0.0,Null,Null,Null
1647,RPF.TO,"04/22/2020, 10:29:50",15.7,0,0,0,0,0,0,0,0.0,0.0,0.0,0.0,Null,Null,Null
1648,RPI-UN.TO,"04/22/2020, 10:30:07",42.5,11230000.0,477280000.0,542980000.0,47450000.0,0.0,0.0,0.0,8023.0,121284.0,334148.0,39966.0,2019-12-31,2019-12-31,2019-12-31
1649,RPSB.TO,"04/22/2020, 10:30:23",20.4,0,0,0,0,0,0,0,0.0,0.0,0.0,0.0,Null,Null,Null
1650,RQH.TO,"04/22/2020, 10:30:40",19.71,0,0,0,0,0,0,0,0.0,0.0,0.0,0.0,Null,Null,Null
1651,RQI.TO,"04/22/2020, 10:30:57",19.75,0,0,0,0,0,0,0,0.0,0.0,0.0,0.0,Null,Null,Null
1652,RQJ.TO,"04/22/2020, 10:31:16",19.63,0,0,0,0,0,0,0,0.0,0.0,0.0,0.0,Null,Null,Null
1653,RQK.TO,"04/22/2020, 10:31:35",19.53,0,0,0,0,0,0,0,0.0,0.0,0.0,0.0,Null,Null,Null
1654,RQL.TO,"04/22/2020, 10:31:54",20.94,0,0,0,0,0,0,0,0.0,0.0,0.0,0.0,Null,Null,Null
1655,RQN.TO,"04/22/2020, 10:32:15",20.91,0,0,0,0,0,0,0,0.0,0.0,0.0,0.0,Null,Null,Null
1656,RSI.TO,"04/22/2020, 10:32:31",4.65,104030000.0,483740000.0,834960000.0,102130000.0,0.0,0.0,0.0,284.0,549596.0,794292.0,55868.0,2019-09-30,2019-09-30,2019-09-30
1657,RSI-DB-E.TO,"04/22/2020, 10:32:47",0,0,0,0,0,0,0,0,0.0,0.0,0.0,0.0,Null,Null,Null
1658,RSI-DB-F.TO,"04/22/2020, 10:33:04",0,0,0,0,0,0,0,0,0.0,0.0,0.0,0.0,Null,Null,Null
1659,RTG.TO,"04/22/2020, 10:33:22",0.045,490650000.0,22080000.0,20260000.0,-5330000.0,0.0,0.0,0.0,3928.0,3834.0,0.0,0.0,2019-12-31,2019-12-31,2019-12-31
1660,RUBH.TO,"04/22/2020, 10:33:40",11.85,0,0,0,0,0,0,0,0.0,0.0,0.0,0.0,Null,Null,Null
1661,RUBY.TO,"04/22/2020, 10:33:59",13.74,0,0,0,0,0,0,0,0.0,0.0,0.0,0.0,Null,Null,Null
1662,RUBY-U.TO,"04/22/2020, 10:34:19",9.57,0,0,0,0,0,0,0,0.0,0.0,0.0,0.0,Null,Null,Null
1663,RUD.TO,"04/22/2020, 10:34:37",33.78,0,0,0,0,0,0,0,0.0,0.0,0.0,0.0,Null,Null,Null
1664,RUD-U.TO,"04/22/2020, 10:34:53",23.5,0,0,0,0,0,0,0,0.0,0.0,0.0,0.0,Null,Null,Null
1665,RUDH.TO,"04/22/2020, 10:35:10",23.78,0,0,0,0,0,0,0,0.0,0.0,0.0,0.0,Null,Null,Null
1666,RUE.TO,"04/22/2020, 10:35:26",28.97,0,0,0,0,0,0,0,0.0,0.0,0.0,0.0,Null,Null,Null
1667,RUE-U.TO,"04/22/2020, 10:35:42",21.15,0,0,0,0,0,0,0,0.0,0.0,0.0,0.0,Null,Null,Null
1668,RUEH.TO,"04/22/2020, 10:35:58",23.02,0,0,0,0,0,0,0,0.0,0.0,0.0,0.0,Null,Null,Null
1669,RUS.TO,"04/22/2020, 10:36:14",14.05,62170000.0,873540000.0,1470000000.0,183300000.0,0.0,0.0,0.0,16000.0,980300.0,3675900.0,249700.0,2019-12-31,2019-12-31,2019-12-31
1670,RUSB.TO,"04/22/2020, 10:36:31",22.7,0,0,0,0,0,0,0,0.0,0.0,0.0,0.0,Null,Null,Null
1671,RUSB-U.TO,"04/22/2020, 10:36:47",16.11,0,0,0,0,0,0,0,0.0,0.0,0.0,0.0,Null,Null,Null
1672,RVX.TO,"04/22/2020, 10:37:04",0.86,210720000.0,181220000.0,259800000.0,-31090000.0,0.0,0,0.0,7689.0,224009.0,0.0,-48834.0,2019-04-30,2019-04-30,2019-04-30
1673,RVX-WT.TO,"04/22/2020, 10:37:21",0,0,0,0,0,0,0,0,0.0,0.0,0.0,0.0,Null,Null,Null
1674,RWC.TO,"04/22/2020, 10:37:37",10.09,0,0,0,0,0,0,0,0.0,0.0,0.0,0.0,Null,Null,Null
1675,RWE.TO,"04/22/2020, 10:37:55",25.2,0,0,0,0,0,0,0,0.0,0.0,0.0,0.0,Null,Null,Null
1676,RWE-B.TO,"04/22/2020, 10:38:11",24.96,0,0,0,0,0,0,0,0.0,0.0,0.0,0.0,Null,Null,Null
1677,RWU.TO,"04/22/2020, 10:38:28",15.26,0,0,0,0,0,0,0,0.0,0.0,0.0,0.0,Null,Null,Null
1678,RWU-B.TO,"04/22/2020, 10:38:44",20.5,0,0,0,0,0,0,0,0.0,0.0,0.0,0.0,Null,Null,Null
1679,RWW.TO,"04/22/2020, 10:39:01",26.83,0,0,0,0,0,0,0,0.0,0.0,0.0,0.0,Null,Null,Null
1680,RWW-B.TO,"04/22/2020, 10:39:16",31.15,0,0,0,0,0,0,0,0.0,0.0,0.0,0.0,Null,Null,Null
1681,RWX.TO,"04/22/2020, 10:39:33",18.6,0,0,0,0,0,0,0,0.0,0.0,0.0,0.0,Null,Null,Null
1682,RWX-B.TO,"04/22/2020, 10:39:50",19.25,0,0,0,0,0,0,0,0.0,0.0,0.0,0.0,Null,Null,Null
1683,RXD.TO,"04/22/2020, 10:40:07",17.31,0,0,0,0,0,0,0,0.0,0.0,0.0,0.0,Null,Null,Null
1684,RXD-U.TO,"04/22/2020, 10:40:23",12.37,0,0,0,0,0,0,0,0.0,0.0,0.0,0.0,Null,Null,Null
1685,RXE.TO,"04/22/2020, 10:40:41",21.47,0,0,0,0,0,0,0,0.0,0.0,0.0,0.0,Null,Null,Null
1686,RXE-U.TO,"04/22/2020, 10:40:59",14.95,0,0,0,0,0,0,0,0.0,0.0,0.0,0.0,Null,Null,Null
1687,RY.TO,"04/22/2020, 10:41:15",82.84,1420000000.0,117960000000.0,-98330000000.0,0,0,0,0.0,0.0,1345310000.0,45926000.0,14265000.0,2019-10-31,2019-10-31,2019-10-31
1688,RY-PR-A.TO,"04/22/2020, 10:41:30",0,0,0,0,0,0,0,0,0.0,0.0,0.0,0.0,Null,Null,Null
1689,RY-PR-C.TO,"04/22/2020, 10:41:49",0,0,0,0,0,0,0,0,0.0,0.0,0.0,0.0,Null,Null,Null
1690,RY-PR-E.TO,"04/22/2020, 10:42:04",0,0,0,0,0,0,0,0,0.0,0.0,0.0,0.0,Null,Null,Null
1691,RY-PR-F.TO,"04/22/2020, 10:42:21",0,0,0,0,0,0,0,0,0.0,0.0,0.0,0.0,Null,Null,Null
1692,RY-PR-G.TO,"04/22/2020, 10:42:37",0,0,0,0,0,0,0,0,0.0,0.0,0.0,0.0,Null,Null,Null
1693,RY-PR-H.TO,"04/22/2020, 10:42:52",0,0,0,0,0,0,0,0,0.0,0.0,0.0,0.0,Null,Null,Null
1694,RY-PR-J.TO,"04/22/2020, 10:43:09",0,0,0,0,0,0,0,0,0.0,0.0,0.0,0.0,Null,Null,Null
1695,RY-PR-M.TO,"04/22/2020, 10:43:25",0,0,0,0,0,0,0,0,0.0,0.0,0.0,0.0,Null,Null,Null
1696,RY-PR-N.TO,"04/22/2020, 10:43:42",0,0,0,0,0,0,0,0,0.0,0.0,0.0,0.0,Null,Null,Null
1697,RY-PR-O.TO,"04/22/2020, 10:43:57",0,0,0,0,0,0,0,0,0.0,0.0,0.0,0.0,Null,Null,Null
1698,RY-PR-P.TO,"04/22/2020, 10:44:13",0,0,0,0,0,0,0,0,0.0,0.0,0.0,0.0,Null,Null,Null
1699,RY-PR-Q.TO,"04/22/2020, 10:44:28",0,0,0,0,0,0,0,0,0.0,0.0,0.0,0.0,Null,Null,Null
1700,RY-PR-R.TO,"04/22/2020, 10:44:43",0,0,0,0,0,0,0,0,0.0,0.0,0.0,0.0,Null,Null,Null
1701,RY-PR-S.TO,"04/22/2020, 10:44:59",0,0,0,0,0,0,0,0,0.0,0.0,0.0,0.0,Null,Null,Null
1702,RY-PR-W.TO,"04/22/2020, 10:45:15",0,0,0,0,0,0,0,0,0.0,0.0,0.0,0.0,Null,Null,Null
1703,RY-PR-Z.TO,"04/22/2020, 10:45:31",0,0,0,0,0,0,0,0,0.0,0.0,0.0,0.0,Null,Null,Null
1704,S.TO,"04/22/2020, 10:45:47",0.105,397280000.0,41710000.0,604010000.0,-20200000.0,0.0,0.0,0.0,166100.0,1016000.0,137600.0,-1500.0,2019-12-31,2019-12-31,2019-12-31
1705,S-WT.TO,"04/22/2020, 10:46:03",0,0,0,0,0,0,0,0,0.0,0.0,0.0,0.0,Null,Null,Null
1706,SAM.TO,"04/22/2020, 10:46:19",0.12,49650000.0,5960000.0,7740000.0,0.0,0.0,0.0,0.0,2549.0,17969.0,32795.0,-8.0,2019-04-30,2019-04-30,2019-04-30
1707,SAP.TO,"04/22/2020, 10:46:35",35.35,407960000.0,14420000000.0,18580000000.0,1370000000.0,0.0,0.0,0.0,112700.0,4465100.0,13501900.0,884500.0,2019-03-31,2019-03-31,2019-03-31
1708,SAU.TO,"04/22/2020, 10:46:51",0.015,726760000.0,10900000.0,10770000.0,0,0,0,0.0,129.0,6790.0,0.0,-275.0,2019-12-31,2019-12-31,2019-12-31
1709,SBB.TO,"04/22/2020, 10:47:07",1.69,296900000.0,501760000.0,459150000.0,-4810000.0,0.0,0.0,0.0,26235.0,43831.0,0.0,-3140.0,2019-12-31,2019-12-31,2019-12-31
1710,SBC.TO,"04/22/2020, 10:47:23",7.23,10980000.0,79380000.0,-45480000.0,0,0,0.0,0.0,0.0,89192.0,27548.0,-10534.0,2019-12-31,2019-12-31,2019-12-31
1711,SBC-PR-A.TO,"04/22/2020, 10:47:39",0,0,0,0,0,0,0,0,0.0,0.0,0.0,0.0,Null,Null,Null
1712,SBI.TO,"04/22/2020, 10:47:55",1.2,58910000.0,77010000.0,63410000.0,16940000.0,0.0,0.0,0.0,14235.0,27806.0,59948.0,18507.0,2019-12-31,2019-12-31,2019-12-31
1713,SBN.TO,"04/22/2020, 10:48:11",3.0,0.0,2670000.0,-2950000.0,0,0,0.0,0.0,0.0,8968.0,1462.0,1539.0,2019-12-31,2019-12-31,2019-12-31
1714,SBN-PR-A.TO,"04/22/2020, 10:48:27",0,0,0,0,0,0,0,0,0.0,0.0,0.0,0.0,Null,Null,Null
1715,SBR.TO,"04/22/2020, 10:48:43",0.115,672140000.0,77300000.0,242970000.0,2000000.0,0.0,0,0.0,5444.0,177093.0,19566.0,5172.0,2019-12-31,2019-12-31,2019-12-31
1716,SBT.TO,"04/22/2020, 10:48:58",8.71,0,0,0,0,0,0,0,0.0,0.0,0.0,0.0,Null,Null,Null
1717,SBT-B.TO,"04/22/2020, 10:49:15",11.5,0,0,0,0,0,0,0,0.0,0.0,0.0,0.0,Null,Null,Null
1718,SBT-U.TO,"04/22/2020, 10:49:33",8.34,0,0,0,0,0,0,0,0.0,0.0,0.0,0.0,Null,Null,Null
1719,SCAD.TO,"04/22/2020, 10:49:49",16.49,0,0,0,0,0,0,0,0.0,0.0,0.0,0.0,Null,Null,Null
1720,SCL.TO,"04/22/2020, 10:50:06",1.79,70160000.0,125590000.0,551800000.0,95540000.0,0.0,0.0,0.0,98218.0,861138.0,1489489.0,54163.0,2019-12-31,2019-12-31,2019-12-31
1721,SCU.TO,"04/22/2020, 10:50:22",0.74,20390000.0,15090000.0,71750000.0,-2430000.0,0.0,0.0,0.0,11458.0,82179.0,27037.0,1001.0,2019-12-31,2019-12-31,2019-12-31
1722,SCY.TO,"04/22/2020, 10:50:38",0.07,312480000.0,21870000.0,21690000.0,-1950000.0,0.0,0,0.0,115.0,538.0,0.0,-1130.0,2019-12-31,2019-12-31,2019-12-31
1723,SDY.TO,"04/22/2020, 10:50:54",2.39,54460000.0,130150000.0,149850000.0,30010000.0,0.0,0.0,0.0,0.0,43183.0,130236.0,46598.0,2019-12-31,2019-12-31,2019-12-31
1724,SEA.TO,"04/22/2020, 10:51:10",17.68,65120000.00000001,1140000000.0,1090000000.0,-13340000.0,0.0,0.0,0.0,15939.0,34349.0,0.0,-10896.0,2019-12-31,2019-12-31,2019-12-31
1725,SEC.TO,"04/22/2020, 10:51:25",106.5,2650000.0,282480000.0,-1990000000.0,0,0,0.0,0.0,0.0,1942344.0,192130.0,-74563.0,2019-12-31,2019-12-31,2019-12-31
1726,SEED.TO,"04/22/2020, 10:51:42",5.95,0,0,0,0,0,0,0,0.0,0.0,0.0,0.0,Null,Null,Null
1727,SES.TO,"04/22/2020, 10:51:57",0.95,156980000.0,148640000.0,666980000.0,137970000.0,0.0,0.0,0.0,8854.0,835007.0,3072480.0,196605.0,2019-12-31,2019-12-31,2019-12-31
1728,SEV.TO,"04/22/2020, 10:52:12",0.025,482640000.0,12070000.0,18720000.0,-9980000.0,0.0,0,0.0,932.0,11238.0,4221.0,-8773.0,2018-12-31,2018-12-31,2018-12-31
1729,SFC.TO,"04/22/2020, 10:52:27",6.35,147800000.0,938530000.0,-129080000.00000001,274160000.0,0.0,0.0,0.0,309.0,432190.0,5863.0,-1666.0,2019-03-31,2019-03-31,2019-03-31
1730,SFC-WT.TO,"04/22/2020, 10:52:44",0.3,0,0,0.0,0,0,0,0,0.0,0.0,0.0,0.0,Null,ttm,ttm
1731,SFD.TO,"04/22/2020, 10:52:59",0.5,64410000.0,32200000.000000004,27360000.0,5770000.0,0.0,0.0,0.0,6640.0,4008.0,11976.0,4078.0,2019-12-31,2019-12-31,2019-12-31
1732,SFIX.TO,"04/22/2020, 10:53:17",20.86,0,0,0,0,0,0,0,0.0,0.0,0.0,0.0,Null,Null,Null
1733,SGQ.TO,"04/22/2020, 10:53:33",0.09,272700000.0,24540000.0,177760000.0,44830000.0,0.0,0,0.0,6959.0,275746.0,103804.0,40420.0,2018-12-31,2018-12-31,2018-12-31
1734,SGY.TO,"04/22/2020, 10:53:50",0.25,326330000.0,81580000.0,507180000.0,183780000.0,0.0,0.0,0.0,0.0,754547.0,398652.0,149417.0,2019-12-31,2019-12-31,2019-12-31
1735,SGY-DB.TO,"04/22/2020, 10:54:06",0,0,0,0,0,0,0,0,0.0,0.0,0.0,0.0,Null,Null,Null
1736,SGY-DB-A.TO,"04/22/2020, 10:54:21",0,0,0,0,0,0,0,0,0.0,0.0,0.0,0.0,Null,Null,Null
1737,SHLE.TO,"04/22/2020, 10:54:36",0.11,60950000.0,6700000.0,243160000.0,17000000.0,0.0,0.0,0.0,0.0,297356.0,332956.0,35781.0,2019-12-31,2019-12-31,2019-12-31
1738,SHOP.TO,"04/22/2020, 10:54:52",871.0,104520000.0,101410000000.0,101120000000.0,-112960000.0,0.0,0.0,0.0,2455194.0,473745.0,1578173.0,70615.0,2019-12-31,2019-12-31,2019-12-31
1739,SHZ.TO,"04/22/2020, 10:55:08",7.25,0,0,0,0,0,0,0,0.0,0.0,0.0,0.0,Null,Null,Null
1740,SIA.TO,"04/22/2020, 10:55:23",11.98,66840000.0,800730000.0,1820000000.0,129160000.0,0.0,0.0,0.0,20776.0,1162115.0,669733.0,85919.0,2019-12-31,2019-12-31,2019-12-31
1741,SID.TO,"04/22/2020, 10:55:40",22.13,0,0,0,0,0,0,0,0.0,0.0,0.0,0.0,Null,Null,Null
1742,SII.TO,"04/22/2020, 10:55:57",3.4,253800000.0,830200000.0,704350000.0,31570000.0,0.0,0.0,0.0,94342.0,69622.0,82870.0,41674.0,2019-12-31,2019-12-31,2019-12-31
1743,SIL.TO,"04/22/2020, 10:56:12",9.0,123630000.0,1110000000.0,782480000.0,-58620000.0,0.0,0.0,0.0,110384.0,5494.0,0.0,-54226.0,2019-12-31,2019-12-31,2019-12-31
1744,SINT.TO,"04/22/2020, 10:56:29",15.52,0,0,0,0,0,0,0,0.0,0.0,0.0,0.0,Null,Null,Null
1745,SIS.TO,"04/22/2020, 10:56:46",11.22,50470000.0,568750000.0,608820000.0,49620000.0,0.0,0.0,0.0,39696.0,168980.0,374340.0,30306.0,2019-12-31,2019-12-31,2019-12-31
1746,SJ.TO,"04/22/2020, 10:57:01",31.06,67470000.0,2100000000.0,2820000000.0,282700000.0,0.0,0.0,0.0,0.0,992755.0,2169023.0,89918.0,2019-12-31,2019-12-31,2019-12-31
1747,SJR-B.TO,"04/22/2020, 10:57:17",22.39,491030000.0,11500000000.0,17370000000.0,2020000000.0,0.0,0.0,0.0,1446000.0,9361000.0,5340000.0,1568000.0,2019-08-31,2019-08-31,2019-08-31
1748,SJR-PR-A.TO,"04/22/2020, 10:57:33",0,0,0,0,0,0,0,0,0.0,0.0,0.0,0.0,Null,Null,Null
1749,SJR-PR-B.TO,"04/22/2020, 10:57:49",0,0,0,0,0,0,0,0,0.0,0.0,0.0,0.0,Null,Null,Null
1750,SLF.TO,"04/22/2020, 10:58:06",44.03,584590000.0,25740000000.0,-45930000000.0,3660000000.0,0.0,0.0,0.0,0.0,272694000.0,39679000.0,2547000.0,2019-12-31,2019-12-31,2019-12-31
1751,SLF-PR-A.TO,"04/22/2020, 10:58:24",0,0,0,0,0,0,0,0,0.0,0.0,0.0,0.0,Null,Null,Null
1752,SLF-PR-B.TO,"04/22/2020, 10:58:40",0,0,0,0,0,0,0,0,0.0,0.0,0.0,0.0,Null,Null,Null
1753,SLF-PR-C.TO,"04/22/2020, 10:58:54",0,0,0,0,0,0,0,0,0.0,0.0,0.0,0.0,Null,Null,Null
1754,SLF-PR-D.TO,"04/22/2020, 10:59:10",0,0,0,0,0,0,0,0,0.0,0.0,0.0,0.0,Null,Null,Null
1755,SLF-PR-E.TO,"04/22/2020, 10:59:26",0,0,0,0,0,0,0,0,0.0,0.0,0.0,0.0,Null,Null,Null
1756,SLF-PR-G.TO,"04/22/2020, 10:59:42",0,0,0,0,0,0,0,0,0.0,0.0,0.0,0.0,Null,Null,Null
1757,SLF-PR-H.TO,"04/22/2020, 10:59:58",0,0,0,0,0,0,0,0,0.0,0.0,0.0,0.0,Null,Null,Null
1758,SLF-PR-I.TO,"04/22/2020, 11:00:14",0,0,0,0,0,0,0,0,0.0,0.0,0.0,0.0,Null,Null,Null
1759,SLF-PR-J.TO,"04/22/2020, 11:00:30",0,0,0,0,0,0,0,0,0.0,0.0,0.0,0.0,Null,Null,Null
1760,SLF-PR-K.TO,"04/22/2020, 11:00:46",0,0,0,0,0,0,0,0,0.0,0.0,0.0,0.0,Null,Null,Null
1761,SLR.TO,"04/22/2020, 11:01:02",0.27,58130000.0,16670000.000000002,7300000.0,-3170000.0,0.0,0.0,0.0,8442.0,401.0,408.0,-2639.0,2019-12-31,2019-12-31,2019-12-31
1762,SMC.TO,"04/22/2020, 11:01:18",0.045,60550000.0,2720000.0,-6980000.0,0,0,0,0.0,12291.0,564.0,0.0,-2557.0,2019-07-31,2019-07-31,2019-07-31
1763,SMF.TO,"04/22/2020, 11:01:33",3.57,334470000.0,1190000000.0,1190000000.0,248890000.0,0.0,0.0,0.0,98297.0,262373.0,475750.0,217238.0,2019-12-31,2019-12-31,2019-12-31
1764,SMT.TO,"04/22/2020, 11:01:49",1.0,162120000.0,162120000.0,262550000.0,63700000.0,0.0,0.0,0.0,42980.0,199428.0,229038.0,39587.0,2019-12-31,2019-12-31,2019-12-31
1765,SMU-UN.TO,"04/22/2020, 11:02:06",9.28,137070000.0,1270000000.0,2390000000.0,0,0,0.0,0.0,1698.0,1190223.0,142193.0,49812.0,2019-12-31,2019-12-31,2019-12-31
1766,SNC.TO,"04/22/2020, 11:02:22",22.75,175550000.0,4000000000.0,5390000000.0,388170000.0,0.0,0.0,0.0,1314070.0,7927297.0,9515610.0,-355273.0,2019-12-31,2019-12-31,2019-12-31
1767,SOLG.TO,"04/22/2020, 11:02:38",0.37,1920000000.0,675330000.0,680190000.0,-9560000.0,0.0,0.0,0.0,41746.0,0.0,0.0,-8639.0,2019-06-30,2019-06-30,2019-06-30
1768,SOP.TO,"04/22/2020, 11:02:54",0.03,215570000.0,6470000.0,7180000.0,0,0,0.0,0.0,112.0,3316.0,0.0,-1307.0,2018-12-31,2018-12-31,2018-12-31
1769,SOT-DB.TO,"04/22/2020, 11:03:10",0,0,0,0,0,0,0,0,0.0,0.0,0.0,0.0,Null,Null,Null
1770,SOT-UN.TO,"04/22/2020, 11:03:26",3.81,67880000.0,258620000.0,1290000000.0,92990000.0,0.0,0.0,0.0,6117.0,1082659.0,215520.0,49296.0,2019-12-31,2019-12-31,2019-12-31
1771,SOX.TO,"04/22/2020, 11:03:42",0.81,28070000.0,22840000.0,186080000.0,7520000.0,0.0,0.0,0.0,8207.0,450095.0,929152.0,-351.0,2019-12-31,2019-12-31,2019-12-31
1772,SOY.TO,"04/22/2020, 11:03:57",3.61,88300000.0,359680000.0,962850000.0,34350000.0,0.0,0.0,0.0,1498.0,710926.0,1190022.0,9809.0,2019-12-31,2019-12-31,2019-12-31
1773,SPB.TO,"04/22/2020, 11:04:12",9.05,174900000.0,1580000000.0,3420000000.0,546300000.0,0.0,0.0,0.0,31900.0,2599000.0,2852900.0,423200.0,2019-12-31,2019-12-31,2019-12-31
1774,SPG.TO,"04/22/2020, 11:04:28",1.43,51710000.0,76720000.0,196420000.0,24340000.0,0.0,0.0,0.0,252.0,161007.0,188591.0,2878.0,2019-12-31,2019-12-31,2019-12-31
1775,SPG-WT.TO,"04/22/2020, 11:04:43",0,0,0,0,0,0,0,0,0.0,0.0,0.0,0.0,Null,Null,Null
1776,SPPP.TO,"04/22/2020, 11:04:58",18.24,0,0,0.0,0,0,0,0,0.0,345.0,38829.0,-1453.0,2019-12-31,2019-12-31,2019-12-31
1777,SPPP-U.TO,"04/22/2020, 11:05:14",13.0,0,0,0.0,0,0,0,0,0.0,0.0,0.0,0.0,Null,ttm,ttm
1778,SRHI.TO,"04/22/2020, 11:05:29",0.28,34080000.0,9540000.0,44230000.0,-9890000.0,0.0,0.0,0.0,28399.0,47323.0,32700.0,-10789.0,2018-12-31,2018-12-31,2018-12-31
1779,SRHI-WT.TO,"04/22/2020, 11:05:45",0,0,0,0,0,0,0,0,0.0,0.0,0.0,0.0,Null,Null,Null
1780,SRT-U.TO,"04/22/2020, 11:06:02",6.07,0,0,0.0,0,0,0,0,0.0,0.0,0.0,0.0,Null,ttm,ttm
1781,SRT-UN.TO,"04/22/2020, 11:06:17",8.74,40460000.0,358420000.0,1180000000.0,0,0,0.0,0.0,2412.0,911653.0,141315.0,44478.0,2019-12-31,2019-12-31,2019-12-31
1782,SRU-UN.TO,"04/22/2020, 11:06:33",20.85,144040000.0,3530000000.0,8170000000.0,504090000.0,0.0,0.0,0.0,55374.0,4560715.0,806412.0,345611.0,2019-12-31,2019-12-31,2019-12-31
1783,SRV-UN.TO,"04/22/2020, 11:06:48",3.22,8380000.000000001,26970000.0,25910000.0,0,0,0,0.0,136.0,5414.0,10781.0,10101.0,2019-12-31,2019-12-31,2019-12-31
1784,SRX.TO,"04/22/2020, 11:07:04",1.13,121560000.0,137360000.0,264140000.0,61660000.0,0.0,0.0,0.0,0.0,194788.0,173422.0,68506.0,2019-12-31,2019-12-31,2019-12-31
1785,SSF-UN.TO,"04/22/2020, 11:07:20",6.37,0,0,0.0,0,0,0,0,0.0,0.0,0.0,0.0,Null,ttm,ttm
1786,SSL.TO,"04/22/2020, 11:07:35",9.83,174210000.0,1710000000.0,1710000000.0,56310000.0,0.0,0.0,0.0,17772.0,52279.0,89434.0,57339.0,2019-12-31,2019-12-31,2019-12-31
1787,SSL-WT.TO,"04/22/2020, 11:07:51",0,0,0,0,0,0,0,0,0.0,0.0,0.0,0.0,Null,Null,Null
1788,SSRM.TO,"04/22/2020, 11:08:07",23.45,123240000.0,2890000000.0,2430000000.0,222080000.0,0.0,0.0,0.0,570100.0,616153.0,606850.0,134198.0,2019-12-31,2019-12-31,2019-12-31
1789,STEP.TO,"04/22/2020, 11:08:23",0.36,66940000.0,24100000.0,276280000.0,62710000.0,0.0,0.0,0.0,7267.0,363216.0,668297.0,69941.0,2019-12-31,2019-12-31,2019-12-31
1790,STGO.TO,"04/22/2020, 11:08:39",0.9,44190000.0,39770000.0,70830000.0,-3880000.0,0.0,0.0,0.0,671.0,42372.0,0.0,-5627.0,2019-12-31,2019-12-31,2019-12-31
1791,STLC.TO,"04/22/2020, 11:08:55",5.4,88730000.0,479940000.0,573420000.0,82000000.0,0.0,0.0,0.0,257000.0,1144000.0,1841000.0,14000.0,2019-12-31,2019-12-31,2019-12-31
1792,STN.TO,"04/22/2020, 11:09:12",39.24,111740000.0,4380000000.0,5750000000.0,440300000.0,0.0,0.0,0.0,223500.0,2684400.0,4827300.0,0.0,2019-12-31,2019-12-31,2019-12-31
1793,STPL.TO,"04/22/2020, 11:09:28",19.74,0,0,0,0,0,0,0,0.0,0.0,0.0,0.0,Null,Null,Null
1794,SU.TO,"04/22/2020, 11:09:44",21.55,1530000000.0,32900000000.0,47520000000.0,12590000000.0,0.0,0.0,0.0,1960000.0,47393000.0,38344000.0,10421000.0,2019-12-31,2019-12-31,2019-12-31
1795,SUSA.TO,"04/22/2020, 11:10:00",21.32,0,0,0,0,0,0,0,0.0,0.0,0.0,0.0,Null,Null,Null
1796,SVB.TO,"04/22/2020, 11:10:17",0.08,236330000.0,18910000.0,18490000.0,-3970000.0,0.0,0,0.0,1432.0,641.0,0.0,-4209.0,2019-10-31,2019-10-31,2019-10-31
1797,SVM.TO,"04/22/2020, 11:10:35",4.94,173400000.0,856610000.0,746270000.0,82280000.0,0.0,0.0,0.0,115277.0,85895.0,170519.0,67750.0,2019-03-31,2019-03-31,2019-03-31
1798,SVR.TO,"04/22/2020, 11:10:52",7.91,0,0,0,0,0,0,0,0.0,0.0,0.0,0.0,Null,Null,Null
1799,SVR-C.TO,"04/22/2020, 11:11:09",8.3,0,0,0,0,0,0,0,0.0,0.0,0.0,0.0,Null,Null,Null
1800,SW.TO,"04/22/2020, 11:11:24",13.55,36340000.0,492350000.0,421050000.0,5170000.0,0.0,0.0,0.0,75454.0,258015.0,713513.0,6862.0,2019-12-31,2019-12-31,2019-12-31
1801,SWH.TO,"04/22/2020, 11:11:42",0.3,93140000.0,27940000.0,29360000.0,-1700000.0,0.0,0.0,0.0,375.0,1760.0,2041.0,-922.0,2019-06-30,2019-06-30,2019-06-30
1802,SWP.TO,"04/22/2020, 11:11:58",2.7,9060000.0,24470000.0,79060000.0,5850000.0,0.0,0.0,0.0,6739.0,88381.0,97230.0,7448.0,2019-12-31,2019-12-31,2019-12-31
1803,SXI.TO,"04/22/2020, 11:12:13",0.19,39470000.0,7500000.0,21510000.0,0.0,0.0,0.0,0.0,499.0,15976.0,2879.0,-290.0,2019-06-30,2019-06-30,2019-06-30
1804,SXP.TO,"04/22/2020, 11:12:29",1.64,28130000.0,46130000.0,122510000.0,20530000.0,0.0,0.0,0.0,2223.0,103176.0,191669.0,20181.0,2019-12-31,2019-12-31,2019-12-31
1805,SYLD.TO,"04/22/2020, 11:12:45",16.0,0,0,0,0,0,0,0,0.0,0.0,0.0,0.0,Null,Null,Null
1806,SZLS.TO,"04/22/2020, 11:13:01",0.12,276350000.0,33159999.999999996,22200000.0,-4550000.0,0.0,0,0.0,106.0,7323.0,185.0,-3291.0,2018-12-31,2018-12-31,2018-12-31
1807,T.TO,"04/22/2020, 11:13:17",21.83,1270000000.0,27770000000.0,44670000000.0,4870000000.0,0.0,0.0,0.0,535000.0,27316000.0,14589000.0,3927000.0,2019-12-31,2019-12-31,2019-12-31
1808,TA.TO,"04/22/2020, 11:13:34",7.48,277080000.0,2069999999.9999998,7220000000.0,861000000.0,0.0,0.0,0.0,411000.0,5446000.0,2347000.0,849000.0,2019-12-31,2019-12-31,2019-12-31
1809,TA-PR-D.TO,"04/22/2020, 11:13:50",0,0,0,0,0,0,0,0,0.0,0.0,0.0,0.0,Null,Null,Null
1810,TA-PR-E.TO,"04/22/2020, 11:14:06",0,0,0,0,0,0,0,0,0.0,0.0,0.0,0.0,Null,Null,Null
1811,TA-PR-F.TO,"04/22/2020, 11:14:21",0,0,0,0,0,0,0,0,0.0,0.0,0.0,0.0,Null,Null,Null
1812,TA-PR-H.TO,"04/22/2020, 11:14:37",0,0,0,0,0,0,0,0,0.0,0.0,0.0,0.0,Null,Null,Null
1813,TA-PR-J.TO,"04/22/2020, 11:14:53",0,0,0,0,0,0,0,0,0.0,0.0,0.0,0.0,Null,Null,Null
1814,TAO.TO,"04/22/2020, 11:15:08",0.1,85420000.0,8540000.0,-31270000.0,3890000.0,0.0,0.0,0.0,1892.0,21046.0,33237.0,12067.0,2019-03-31,2019-03-31,2019-03-31
1815,TBL.TO,"04/22/2020, 11:15:25",0.84,111520000.0,93680000.0,261490000.0,51170000.0,0.0,0.0,0.0,0.0,255338.0,1299122.0,42224.0,2019-12-31,2019-12-31,2019-12-31
1816,TC.TO,"04/22/2020, 11:15:41",73.6,10620000.0,761830000.0,879200000.0,47720000.0,0.0,0.0,0.0,20393.0,331724.0,337145.0,40381.0,2019-12-31,2019-12-31,2019-12-31
1817,TCL-A.TO,"04/22/2020, 11:15:59",11.09,73050000.0,959180000.0,2069999999.9999998,472900000.0,0.0,0.0,0.0,213700.0,2090600.0,3038800.0,431600.0,2019-10-31,2019-10-31,2019-10-31
1818,TCL-B.TO,"04/22/2020, 11:16:15",11.05,13980000.0,993770000.0,2040000000.0,472900000.0,0.0,0.0,0.0,213700.0,2090600.0,3038800.0,431600.0,2019-10-31,2019-10-31,2019-10-31
1819,TCLB.TO,"04/22/2020, 11:16:29",11.05,0,0,0.0,0,0,0,0,0.0,0.0,0.0,0.0,Null,ttm,ttm
1820,TCN.TO,"04/22/2020, 11:16:45",7.61,194020000.0,1480000000.0,1980000000.0,194420000.0,0.0,0.0,0.0,8908.0,641107.0,39895.0,-44301.0,2019-12-31,2019-12-31,2019-12-31
1821,TCN-DB-U.TO,"04/22/2020, 11:17:03",0,0,0,0,0,0,0,0,0.0,0.0,0.0,0.0,Null,Null,Null
1822,TCS.TO,"04/22/2020, 11:17:18",19.7,13080000.0,257740000.0,270060000.0,6940000.0,0.0,0.0,0.0,14913.0,45947.0,76449.0,4100.0,2019-04-30,2019-04-30,2019-04-30
1823,TCSB.TO,"04/22/2020, 11:17:35",15.15,0,0,0,0,0,0,0,0.0,0.0,0.0,0.0,Null,Null,Null
1824,TCT-UN.TO,"04/22/2020, 11:17:51",6.2,1290000.0,8020000.0,-5380000.0,0,0,0,0.0,0.0,0.0,0.0,0.0,Null,ttm,ttm
1825,TCW.TO,"04/22/2020, 11:18:07",0.51,266730000.00000003,136030000.0,194750000.0,26020000.0,0.0,0.0,0.0,7202.0,185414.0,636071.0,28627.0,2019-12-31,2019-12-31,2019-12-31
1826,TD.TO,"04/22/2020, 11:18:22",54.9,1810000000.0,99320000000.0,-32909999999.999996,0,0,0,0.0,0.0,1327589000.0,40729000.0,271000.0,2019-10-31,2019-10-31,2019-10-31
1827,TD-PF-A.TO,"04/22/2020, 11:18:38",0,0,0,0,0,0,0,0,0.0,0.0,0.0,0.0,Null,Null,Null
1828,TD-PF-B.TO,"04/22/2020, 11:18:53",0,0,0,0,0,0,0,0,0.0,0.0,0.0,0.0,Null,Null,Null
1829,TD-PF-C.TO,"04/22/2020, 11:19:09",0,0,0,0,0,0,0,0,0.0,0.0,0.0,0.0,Null,Null,Null
1830,TD-PF-D.TO,"04/22/2020, 11:19:26",0,0,0,0,0,0,0,0,0.0,0.0,0.0,0.0,Null,Null,Null
1831,TD-PF-E.TO,"04/22/2020, 11:19:42",0,0,0,0,0,0,0,0,0.0,0.0,0.0,0.0,Null,Null,Null
1832,TD-PF-F.TO,"04/22/2020, 11:19:57",0,0,0,0,0,0,0,0,0.0,0.0,0.0,0.0,Null,Null,Null
1833,TD-PF-G.TO,"04/22/2020, 11:20:13",0,0,0,0,0,0,0,0,0.0,0.0,0.0,0.0,Null,Null,Null
1834,TD-PF-H.TO,"04/22/2020, 11:20:29",0,0,0,0,0,0,0,0,0.0,0.0,0.0,0.0,Null,Null,Null
1835,TD-PF-I.TO,"04/22/2020, 11:20:45",0,0,0,0,0,0,0,0,0.0,0.0,0.0,0.0,Null,Null,Null
1836,TD-PF-J.TO,"04/22/2020, 11:21:02",0,0,0,0,0,0,0,0,0.0,0.0,0.0,0.0,Null,Null,Null
1837,TD-PF-K.TO,"04/22/2020, 11:21:17",0,0,0,0,0,0,0,0,0.0,0.0,0.0,0.0,Null,Null,Null
1838,TD-PF-L.TO,"04/22/2020, 11:21:34",0,0,0,0,0,0,0,0,0.0,0.0,0.0,0.0,Null,Null,Null
1839,TD-PF-M.TO,"04/22/2020, 11:21:50",0,0,0,0,0,0,0,0,0.0,0.0,0.0,0.0,Null,Null,Null
1840,TDB.TO,"04/22/2020, 11:22:06",15.21,0,0,0,0,0,0,0,0.0,0.0,0.0,0.0,Null,Null,Null
1841,TEC.TO,"04/22/2020, 11:22:23",17.58,0,0,0,0,0,0,0,0.0,0.0,0.0,0.0,Null,Null,Null
1842,TECK-A.TO,"04/22/2020, 11:22:38",14.43,7770000.0,5530000000.0,15010000000.0,2810000000.0,0.0,0.0,0.0,1026000.0,17276000.0,11934000.0,3484000.0,2019-12-31,2019-12-31,2019-12-31
1843,TECK-B.TO,"04/22/2020, 11:22:53",10.49,539530000.0,5780000000.0,12610000000.0,2810000000.0,0.0,0.0,0.0,1026000.0,17276000.0,11934000.0,3484000.0,2019-12-31,2019-12-31,2019-12-31
1844,TEI.TO,"04/22/2020, 11:23:11",0.01,145130000.0,1450000.0,28780000.0,2130000.0,0.0,0.0,0.0,0.0,73985.0,15147.0,65.0,2018-12-31,2018-12-31,2018-12-31
1845,TEV.TO,"04/22/2020, 11:23:27",3.08,113280000.0,348890000.0,1190000000.0,192000000.0,0.0,0.0,0.0,22000.0,1438000.0,2323000.0,128000.0,2019-12-31,2019-12-31,2019-12-31
1846,TEV-WT.TO,"04/22/2020, 11:23:45",0,0,0,0,0,0,0,0,0.0,0.0,0.0,0.0,Null,Null,Null
1847,TF.TO,"04/22/2020, 11:24:01",7.74,83130000.0,643450000.0,1680000000.0,0,0,0.0,0.0,541.0,1229066.0,96949.0,77956.0,2018-12-31,2018-12-31,2018-12-31
1848,TF-DB-A.TO,"04/22/2020, 11:24:17",0,0,0,0,0,0,0,0,0.0,0.0,0.0,0.0,Null,Null,Null
1849,TF-DB-B.TO,"04/22/2020, 11:24:34",0,0,0,0,0,0,0,0,0.0,0.0,0.0,0.0,Null,Null,Null
1850,TF-DB-C.TO,"04/22/2020, 11:24:53",0,0,0,0,0,0,0,0,0.0,0.0,0.0,0.0,Null,Null,Null
1851,TFII.TO,"04/22/2020, 11:25:09",35.46,88350000.0,3130000000.0,4850000000.0,737120000.0,0.0,0.0,0.0,0.0,3051566.0,5178864.0,649116.0,2019-12-31,2019-12-31,2019-12-31
1852,TGED.TO,"04/22/2020, 11:25:26",14.87,0,0,0,0,0,0,0,0.0,0.0,0.0,0.0,Null,Null,Null
1853,TGFI.TO,"04/22/2020, 11:25:42",23.45,0,0,0,0,0,0,0,0.0,0.0,0.0,0.0,Null,Null,Null
1854,TGL.TO,"04/22/2020, 11:26:01",0.61,72540000.0,44250000.0,48370000.0,66879999.99999999,0.0,0.0,0.0,33251.0,93835.0,140096.0,44836.0,2019-12-31,2019-12-31,2019-12-31
1855,TGO.TO,"04/22/2020, 11:26:16",5.65,16629999.999999998,93950000.0,144390000.0,8279999.999999999,0.0,0.0,0.0,8686.0,62572.0,48437.0,15378.0,2019-12-31,2019-12-31,2019-12-31
1856,TGOD.TO,"04/22/2020, 11:26:32",0.27,313580000.0,84670000.0,75730000.0,-64730000.00000001,0.0,0.0,0.0,27569.0,74581.0,10957.0,-56697.0,2019-12-31,2019-12-31,2019-12-31
1857,TGOD-WS.TO,"04/22/2020, 11:26:46",0.07,0,0,0.0,0,0,0,0,0.0,0.0,0.0,0.0,Null,ttm,ttm
1858,TGOD-WT.TO,"04/22/2020, 11:27:03",0,0,0,0,0,0,0,0,0.0,0.0,0.0,0.0,Null,Null,Null
1859,TGRE.TO,"04/22/2020, 11:27:19",14.0,0,0,0,0,0,0,0,0.0,0.0,0.0,0.0,Null,Null,Null
1860,TGZ.TO,"04/22/2020, 11:27:36",10.22,167620000.0,1710000000.0,1260000000.0,91700000.0,0.0,0.0,0.0,29962.0,596907.0,353490.0,99597.0,2019-12-31,2019-12-31,2019-12-31
1861,TH.TO,"04/22/2020, 11:27:52",3.95,76970000.0,304030000.0,300580000.0,-3740000.0,0.0,0.0,0.0,40625.0,92721.0,63216.0,-3391.0,2019-11-30,2019-11-30,2019-11-30
1862,TH-DB-U.TO,"04/22/2020, 11:28:08",0,0,0,0,0,0,0,0,0.0,0.0,0.0,0.0,Null,Null,Null
1863,The.TO,"04/22/2020, 11:28:25",15.55,0,0,0,0,0,0,0,0.0,0.0,0.0,0.0,Null,Null,Null
1864,THU.TO,"04/22/2020, 11:28:40",19.54,0,0,0,0,0,0,0,0.0,0.0,0.0,0.0,Null,Null,Null
1865,TI.TO,"04/22/2020, 11:28:56",0.175,122970000.0,21520000.0,52550000.0,-6580000.0,0.0,0.0,0.0,1709.0,53310.0,1074.0,-5224.0,2019-12-31,2019-12-31,2019-12-31
1866,TIH.TO,"04/22/2020, 11:29:11",62.04,82010000.0,5090000000.0,5630000000.0,557990000.0,0.0,0.0,0.0,365589.0,1837446.0,3678705.0,146030.0,2019-12-31,2019-12-31,2019-12-31
1867,TILV.TO,"04/22/2020, 11:29:28",12.88,0,0,0,0,0,0,0,0.0,0.0,0.0,0.0,Null,Null,Null
1868,TKO.TO,"04/22/2020, 11:29:43",0.435,246190000.0,107090000.0,427880000.0,44820000.0,0.0,0.0,0.0,53928.0,582310.0,329163.0,42641.0,2019-12-31,2019-12-31,2019-12-31
1869,TLF.TO,"04/22/2020, 11:30:02",12.48,0,0,0,0,0,0,0,0.0,0.0,0.0,0.0,Null,Null,Null
1870,TLF-U.TO,"04/22/2020, 11:30:18",12.44,0,0,0,0,0,0,0,0.0,0.0,0.0,0.0,Null,Null,Null
1871,TLG.TO,"04/22/2020, 11:30:37",0.8,88590000.0,70870000.0,65319999.99999999,-22060000.0,0.0,0.0,0.0,6338.0,5720.0,0.0,-20713.0,2019-07-31,2019-07-31,2019-07-31
1872,TLO.TO,"04/22/2020, 11:30:53",0.105,494330000.0,51900000.0,47110000.0,-3330000.0,0.0,0,0.0,7271.0,3368.0,0.0,-1225.0,2019-12-31,2019-12-31,2019-12-31
1873,TLV.TO,"04/22/2020, 11:31:09",25.2,0,0,0,0,0,0,0,0.0,0.0,0.0,0.0,Null,Null,Null
1874,TMD.TO,"04/22/2020, 11:31:25",0.355,51820000.0,18390000.0,19420000.0,-59240000.0,0.0,0,0.0,814.0,15063.0,0.0,-45960.0,2019-12-31,2019-12-31,2019-12-31
1875,TMD-WT-F.TO,"04/22/2020, 11:31:42",0,0,0,0,0,0,0,0,0.0,0.0,0.0,0.0,Null,Null,Null
1876,TMD-WT-G.TO,"04/22/2020, 11:31:57",0,0,0,0,0,0,0,0,0.0,0.0,0.0,0.0,Null,Null,Null
1877,TMD-WT-I.TO,"04/22/2020, 11:32:15",0,0,0,0,0,0,0,0,0.0,0.0,0.0,0.0,Null,Null,Null
1878,TML.TO,"04/22/2020, 11:32:30",0.28,169730000.0,47520000.0,48190000.0,-2240000.0,0.0,0.0,0.0,1637.0,11563.0,0.0,-2975.0,2019-12-31,2019-12-31,2019-12-31
1879,TMQ.TO,"04/22/2020, 11:32:46",2.26,140670000.0,317910000.0,296000000.0,-27540000.0,0.0,0.0,0.0,19174.0,33354.0,0.0,-23492.0,2019-11-30,2019-11-30,2019-11-30
1880,TMR.TO,"04/22/2020, 11:33:01",1.12,114810000.0,128590000.0,226170000.0,97800000.0,0.0,0.0,0.0,24800.0,303400.0,178000.0,21600.0,2018-12-31,2018-12-31,2018-12-31
1881,TNP.TO,"04/22/2020, 11:33:19",0.27,62230000.0,16830000.0,74370000.0,37560000.0,0.0,0.0,0.0,9664.0,128924.0,67380.0,33203.0,2019-12-31,2019-12-31,2019-12-31
1882,TNT-UN.TO,"04/22/2020, 11:33:34",5.51,84760000.0,467040000.0,1270000000.0,0,0,0.0,0.0,5669.0,848226.0,106457.0,58594.0,2019-12-31,2019-12-31,2019-12-31
1883,TNX.TO,"04/22/2020, 11:33:50",0.76,160360000.0,121870000.0,123330000.0,-4980000.0,0.0,0.0,0.0,3389.0,18455.0,0.0,-4818.0,2019-08-31,2019-08-31,2019-08-31
1884,TOG.TO,"04/22/2020, 11:34:05",0.88,221810000.0,195190000.0,482340000.0,307870000.0,0.0,0.0,0.0,533.0,675964.0,581313.0,285187.0,2019-12-31,2019-12-31,2019-12-31
1885,TOT.TO,"04/22/2020, 11:34:21",1.52,45150000.0,68630000.0,349420000.0,108230000.0,0.0,0.0,0.0,19873.0,454019.0,757398.0,73055.0,2019-12-31,2019-12-31,2019-12-31
1886,TOU.TO,"04/22/2020, 11:34:37",12.87,271830000.0,3490000000.0,5270000000.0,1200000000.0,0.0,0.0,0.0,12128.0,3214021.0,2137204.0,1174929.0,2019-12-31,2019-12-31,2019-12-31
1887,TOY.TO,"04/22/2020, 11:34:54",19.23,31540000.0,1970000000.0,1880000000.0,158700000.0,0.0,0.0,0.0,115300.0,496000.0,1581600.0,98400.0,2019-12-31,2019-12-31,2019-12-31
1888,TPAY.TO,"04/22/2020, 11:35:10",25.26,0,0,0,0,0,0,0,0.0,0.0,0.0,0.0,Null,Null,Null
1889,TPE.TO,"04/22/2020, 11:35:26",15.48,0,0,0,0,0,0,0,0.0,0.0,0.0,0.0,Null,Null,Null
1890,TPRF.TO,"04/22/2020, 11:35:44",6.63,0,0,0,0,0,0,0,0.0,0.0,0.0,0.0,Null,Null,Null
1891,TPU.TO,"04/22/2020, 11:36:01",22.43,0,0,0,0,0,0,0,0.0,0.0,0.0,0.0,Null,Null,Null
1892,TPX-A.TO,"04/22/2020, 11:36:16",67.0,2700000.0,14450000000.0,1200000000.0,337100000.0,0.0,0.0,0.0,523400.0,15186700.0,10579400.0,1897300.0,2019-12-31,2019-12-31,2019-12-31
1893,TPX-B.TO,"04/22/2020, 11:36:32",64.85,14800000.0,14650000000.0,1150000000.0,337100000.0,0.0,0.0,0.0,523400.0,15186700.0,10579400.0,1897300.0,2019-12-31,2019-12-31,2019-12-31
1894,TQCD.TO,"04/22/2020, 11:36:48",10.68,0,0,0,0,0,0,0,0.0,0.0,0.0,0.0,Null,Null,Null
1895,TQGD.TO,"04/22/2020, 11:37:05",11.87,0,0,0,0,0,0,0,0.0,0.0,0.0,0.0,Null,Null,Null
1896,TQGM.TO,"04/22/2020, 11:37:22",13.01,0,0,0,0,0,0,0,0.0,0.0,0.0,0.0,Null,Null,Null
1897,TQSM.TO,"04/22/2020, 11:37:39",12.07,0,0,0,0,0,0,0,0.0,0.0,0.0,0.0,Null,Null,Null
1898,TRI.TO,"04/22/2020, 11:37:55",99.58,495670000.0,49360000000.0,51010000000.0,1090000000.0,0.0,0.0,0.0,1358000.0,7735000.0,5906000.0,702000.0,2019-12-31,2019-12-31,2019-12-31
1899,TRI-PR-B.TO,"04/22/2020, 11:38:13",0,0,0,0,0,0,0,0,0.0,0.0,0.0,0.0,Null,Null,Null
1900,TRIL.TO,"04/22/2020, 11:38:29",6.48,74970000.0,532390000.0,501730000.0,-30650000.0,0.0,0,0.0,22666.0,25575.0,124.0,-24908.0,2019-12-31,2019-12-31,2019-12-31
1901,TRL.TO,"04/22/2020, 11:38:44",1.28,58450000.0,74820000.0,617740000.0,132729999.99999999,0.0,0,0.0,76729.0,846419.0,693927.0,45671.0,2019-12-31,2019-12-31,2019-12-31
1902,TRP.TO,"04/22/2020, 11:39:00",62.98,939800000.0,59190000000.0,113560000000.0,8250000000.0,0.0,0.0,0.0,1343000.0,66882000.0,13255000.0,7082000.0,2019-12-31,2019-12-31,2019-12-31
1903,TRP-PR-A.TO,"04/22/2020, 11:39:17",0,0,0,0,0,0,0,0,0.0,0.0,0.0,0.0,Null,Null,Null
1904,TRP-PR-B.TO,"04/22/2020, 11:39:32",0,0,0,0,0,0,0,0,0.0,0.0,0.0,0.0,Null,Null,Null
1905,TRP-PR-C.TO,"04/22/2020, 11:39:48",0,0,0,0,0,0,0,0,0.0,0.0,0.0,0.0,Null,Null,Null
1906,TRP-PR-D.TO,"04/22/2020, 11:40:05",0,0,0,0,0,0,0,0,0.0,0.0,0.0,0.0,Null,Null,Null
1907,TRP-PR-E.TO,"04/22/2020, 11:40:21",0,0,0,0,0,0,0,0,0.0,0.0,0.0,0.0,Null,Null,Null
1908,TRP-PR-F.TO,"04/22/2020, 11:40:37",0,0,0,0,0,0,0,0,0.0,0.0,0.0,0.0,Null,Null,Null
1909,TRP-PR-G.TO,"04/22/2020, 11:40:53",0,0,0,0,0,0,0,0,0.0,0.0,0.0,0.0,Null,Null,Null
1910,TRP-PR-H.TO,"04/22/2020, 11:41:09",0,0,0,0,0,0,0,0,0.0,0.0,0.0,0.0,Null,Null,Null
1911,TRP-PR-I.TO,"04/22/2020, 11:41:25",0,0,0,0,0,0,0,0,0.0,0.0,0.0,0.0,Null,Null,Null
1912,TRP-PR-J.TO,"04/22/2020, 11:41:40",0,0,0,0,0,0,0,0,0.0,0.0,0.0,0.0,Null,Null,Null
1913,TRP-PR-K.TO,"04/22/2020, 11:41:55",0,0,0,0,0,0,0,0,0.0,0.0,0.0,0.0,Null,Null,Null
1914,TRQ.TO,"04/22/2020, 11:42:10",0.67,2009999999.9999998,1350000000.0,2670000000.0,360700000.0,0.0,0.0,0.0,1651985.0,4891337.0,1166014.0,-11652.0,2019-12-31,2019-12-31,2019-12-31
1915,TRST.TO,"04/22/2020, 11:42:26",0.91,141180000.0,128479999.99999999,97120000.0,1280000.0,0.0,0.0,0.0,72047.0,28288.0,45645.0,-20447.0,2018-12-31,2018-12-31,2018-12-31
1916,TRZ.TO,"04/22/2020, 11:42:44",9.78,4830000.0,369170000.0,0.0,23540000.0,0,0.0,0.0,564844.0,1050144.0,2937130.0,64075.0,2019-10-31,2019-10-31,2019-10-31
1917,TS-B.TO,"04/22/2020, 11:43:01",0.38,71530000.0,30910000.0,4059999.9999999995,8710000.0,0.0,0.0,0.0,42177.0,175608.0,478975.0,-9916.0,2019-12-31,2019-12-31,2019-12-31
1918,TSGI.TO,"04/22/2020, 11:43:19",34.75,289540000.0,10060000000.0,14820000000.0,665110000.0,0.0,0.0,0.0,730941.0,6756339.0,2528448.0,670634.0,2019-12-31,2019-12-31,2019-12-31
1919,TSL.TO,"04/22/2020, 11:43:37",1.47,28830000.0,42380000.0,129020000.00000001,5520000.0,0.0,0.0,0.0,1277.0,99823.0,235306.0,-3901.0,2018-12-31,2018-12-31,2018-12-31
1920,TSU.TO,"04/22/2020, 11:43:53",37.35,8820000.0,329410000.0,201340000.0,4570000.0,0.0,0.0,0.0,0.0,788064.0,137525.0,58377.0,2019-12-31,2019-12-31,2019-12-31
1921,TTP.TO,"04/22/2020, 11:44:10",15.93,0,0,0,0,0,0,0,0.0,0.0,0.0,0.0,Null,Null,Null
1922,TUHY.TO,"04/22/2020, 11:44:26",22.65,0,0,0,0,0,0,0,0.0,0.0,0.0,0.0,Null,Null,Null
1923,TULB.TO,"04/22/2020, 11:44:42",31.83,0,0,0,0,0,0,0,0.0,0.0,0.0,0.0,Null,Null,Null
1924,TUSB.TO,"04/22/2020, 11:45:02",15.71,0,0,0,0,0,0,0,0.0,0.0,0.0,0.0,Null,Null,Null
1925,TUSB-U.TO,"04/22/2020, 11:45:18",10.88,0,0,0,0,0,0,0,0.0,0.0,0.0,0.0,Null,Null,Null
1926,TUT-UN.TO,"04/22/2020, 11:45:36",9.25,0,0,0.0,0,0,0,0,0.0,0.0,0.0,0.0,Null,ttm,ttm
1927,TV.TO,"04/22/2020, 11:45:52",0.095,802560000.0,76240000.0,131430000.0,105560000.0,0.0,0.0,0.0,24468.0,296121.0,386110.0,111919.0,2019-12-31,2019-12-31,2019-12-31
1928,TVA-B.TO,"04/22/2020, 11:46:07",1.84,38890000.0,79500000.0,133370000.0,64080000.0,0.0,0.0,0.0,3383.0,284957.0,569910.0,51472.0,2019-12-31,2019-12-31,2019-12-31
1929,TVE.TO,"04/22/2020, 11:46:23",0.63,222790000.0,140360000.0,325800000.0,192740000.0,0.0,0.0,0.0,0.0,473344.0,382816.0,205231.0,2019-12-31,2019-12-31,2019-12-31
1930,TVK.TO,"04/22/2020, 11:46:38",13.99,18750000.0,262260000.0,394400000.0,49230000.0,0.0,0.0,0.0,9442.0,172668.0,306286.0,30977.0,2019-09-30,2019-09-30,2019-09-30
1931,TWC.TO,"04/22/2020, 11:46:54",8.4,26740000.0,224580000.0,219140000.0,28960000.0,0.0,0.0,0.0,151145.0,239076.0,168787.0,49990.0,2019-12-31,2019-12-31,2019-12-31
1932,TWM.TO,"04/22/2020, 11:47:10",0.48,337380000.0,161940000.0,1090000000.0,65360000.0,0.0,0.0,0.0,5785.0,1577608.0,692268.0,91520.0,2019-12-31,2019-12-31,2019-12-31
1933,TWM-DB.TO,"04/22/2020, 11:47:25",73.0,0,0,0.0,0,0,0,0,0.0,0.0,0.0,0.0,Null,ttm,ttm
1934,TXF.TO,"04/22/2020, 11:47:42",14.77,0,0,0,0,0,0,0,0.0,0.0,0.0,0.0,Null,Null,Null
1935,TXF-B.TO,"04/22/2020, 11:47:58",17.21,0,0,0,0,0,0,0,0.0,0.0,0.0,0.0,Null,Null,Null
1936,TXG.TO,"04/22/2020, 11:48:14",17.13,85380000.0,1460000000.0,1370000000.0,326600000.0,0.0,0.0,0.0,161800.0,394800.0,640800.0,301300.0,2019-12-31,2019-12-31,2019-12-31
1937,TXP.TO,"04/22/2020, 11:48:30",0.44,183200000.0,80610000.0,94220000.0,11530000.0,0.0,0.0,0.0,6182.0,54933.0,38654.0,5454.0,2019-12-31,2019-12-31,2019-12-31
1938,TXT-PR-A.TO,"04/22/2020, 11:48:46",0,0,0,0,0,0,0,0,0.0,0.0,0.0,0.0,Null,Null,Null
1939,TXT-UN.TO,"04/22/2020, 11:49:02",1.77,1150000.0,1830000.0,-3380000.0,0,0,0.0,0.0,547.0,14283.0,3635.0,-766.0,2019-12-31,2019-12-31,2019-12-31
1940,TZS.TO,"04/22/2020, 11:49:27",1.69,7320000.0,12370000.0,1700000.0,0,0,0,0.0,10668.0,787.0,1379.0,-83.0,2019-12-31,2019-12-31,2019-12-31
1941,U.TO,"04/22/2020, 11:49:43",4.87,0,672360000.0,0.0,0,0,0,0,3166.0,1001.0,542.0,-4788.0,2020-02-29,2020-02-29,2020-02-29
1942,UEX.TO,"04/22/2020, 11:49:58",0.18,394190000.0,70950000.0,63670000.0,-9310000.0,0.0,0.0,0.0,3598.0,1061.0,0.0,-8307.0,2019-12-31,2019-12-31,2019-12-31
1943,UFS.TO,"04/22/2020, 11:50:15",29.63,55190000.0,1620000000.0,2600000000.0,533000000.0,0.0,0.0,0.0,61000.0,2527000.0,5220000.0,442000.0,2019-12-31,2019-12-31,2019-12-31
1944,ULV-C.TO,"04/22/2020, 11:50:31",25.44,0,0,0,0,0,0,0,0.0,0.0,0.0,0.0,Null,Null,Null
1945,ULV-F.TO,"04/22/2020, 11:50:47",37.05,0,0,0,0,0,0,0,0.0,0.0,0.0,0.0,Null,Null,Null
1946,ULV-U.TO,"04/22/2020, 11:51:04",17.84,0,0,0,0,0,0,0,0.0,0.0,0.0,0.0,Null,Null,Null
1947,UMI.TO,"04/22/2020, 11:51:20",17.47,0,0,0,0,0,0,0,0.0,0.0,0.0,0.0,Null,Null,Null
1948,UNC.TO,"04/22/2020, 11:51:36",89.14,12190000.0,1090000000.0,1030000000.0,0,0,0,0.0,0.0,86521.0,155421.0,49169.0,2019-03-31,2019-03-31,2019-03-31
1949,UNC-PR-C.TO,"04/22/2020, 11:51:53",0,0,0,0,0,0,0,0,0.0,0.0,0.0,0.0,Null,Null,Null
1950,UNI.TO,"04/22/2020, 11:52:09",1.85,18560000.0,34340000.0,77810000.0,0.0,0.0,0.0,0.0,19.0,55059.0,77993.0,-8082.0,2019-09-30,2019-09-30,2019-09-30
1951,UNS.TO,"04/22/2020, 11:52:25",4.8,42390000.0,203460000.0,713900000.0,95940000.0,0.0,0.0,0.0,35708.0,1079400.0,1739572.0,33332.0,2019-12-31,2019-12-31,2019-12-31
1952,UR.TO,"04/22/2020, 11:52:41",0.075,134930000.0,10120000.0,59380000.0,-20700000.0,0.0,0,0.0,1438.0,91149.0,15634.0,-14436.0,2018-12-31,2018-12-31,2018-12-31
1953,URB.TO,"04/22/2020, 11:52:56",1.98,10000000.0,118430000.0,118340000.0,0,0,0.0,0.0,0.0,37180.0,58549.0,-33541.0,2019-12-31,2019-12-31,2019-12-31
1954,URB-A.TO,"04/22/2020, 11:53:12",1.97,49560000.0,117240000.0,118830000.0,0,0,0.0,0.0,0.0,37180.0,58549.0,-33541.0,2019-12-31,2019-12-31,2019-12-31
1955,URE.TO,"04/22/2020, 11:53:27",0.79,160480000.0,126780000.0,124830000.0,-3360000.0,0.0,0.0,0.0,7752.0,46057.0,32255.0,3987.0,2019-12-31,2019-12-31,2019-12-31
1956,USA.TO,"04/22/2020, 11:53:45",2.92,94760000.0,276690000.0,259810000.0,-11320000.0,0.0,0.0,0.0,19998.0,91990.0,58410.0,14143.0,2019-12-31,2019-12-31,2019-12-31
1957,USB.TO,"04/22/2020, 11:54:02",24.52,0,0,0,0,0,0,0,0.0,0.0,0.0,0.0,Null,Null,Null
1958,USB-U.TO,"04/22/2020, 11:54:17",17.53,0,0,0,0,0,0,0,0.0,0.0,0.0,0.0,Null,Null,Null
1959,USF-UN.TO,"04/22/2020, 11:54:33",5.33,1010000.0,4870000.0,0.0,0,0,0,0,90.0,123.0,1256.0,37.0,2019-12-31,2019-12-31,2019-12-31
1960,UTE-UN.TO,"04/22/2020, 11:54:49",8.76,0,0,0.0,0,0,0,0,0.0,0.0,0.0,0.0,Null,ttm,ttm
1961,UXM.TO,"04/22/2020, 11:55:06",12.05,0,0,0,0,0,0,0,0.0,0.0,0.0,0.0,Null,Null,Null
1962,UXM-B.TO,"04/22/2020, 11:55:23",14.74,0,0,0,0,0,0,0,0.0,0.0,0.0,0.0,Null,Null,Null
1963,VA.TO,"04/22/2020, 11:55:39",30.58,0,0,0,0,0,0,0,0.0,0.0,0.0,0.0,Null,Null,Null
1964,VAB.TO,"04/22/2020, 11:55:55",26.75,0,0,0,0,0,0,0,0.0,0.0,0.0,0.0,Null,Null,Null
1965,VAH.TO,"04/22/2020, 11:56:12",25.12,0,0,0,0,0,0,0,0.0,0.0,0.0,0.0,Null,Null,Null
1966,VB.TO,"04/22/2020, 11:56:27",5.32,21120000.0,112380000.0,52280000.0,0,0,0,0.0,0.0,1545218.0,53919.0,19780.0,2019-10-31,2019-10-31,2019-10-31
1967,VB-PR-A.TO,"04/22/2020, 11:56:44",0,0,0,0,0,0,0,0,0.0,0.0,0.0,0.0,Null,Null,Null
1968,VB-PR-B.TO,"04/22/2020, 11:56:59",0,0,0,0,0,0,0,0,0.0,0.0,0.0,0.0,Null,Null,Null
1969,VBAL.TO,"04/22/2020, 11:57:16",24.82,0,0,0,0,0,0,0,0.0,0.0,0.0,0.0,Null,Null,Null
1970,VBG.TO,"04/22/2020, 11:57:33",27.24,0,0,0,0,0,0,0,0.0,0.0,0.0,0.0,Null,Null,Null
1971,VBU.TO,"04/22/2020, 11:57:49",26.46,0,0,0,0,0,0,0,0.0,0.0,0.0,0.0,Null,Null,Null
1972,VCB.TO,"04/22/2020, 11:58:07",25.31,0,0,0,0,0,0,0,0.0,0.0,0.0,0.0,Null,Null,Null
1973,VCE.TO,"04/22/2020, 11:58:24",30.8,0,0,0,0,0,0,0,0.0,0.0,0.0,0.0,Null,Null,Null
1974,VCIP.TO,"04/22/2020, 11:58:40",26.34,0,0,0,0,0,0,0,0.0,0.0,0.0,0.0,Null,Null,Null
1975,VCM.TO,"04/22/2020, 11:58:55",9.5,22430000.0,213130000.0,184300000.0,2490000.0,0.0,0.0,0.0,44403.0,20002.0,85032.0,11442.0,2019-06-30,2019-06-30,2019-06-30
1976,VCN.TO,"04/22/2020, 11:59:12",28.67,0,0,0,0,0,0,0,0.0,0.0,0.0,0.0,Null,Null,Null
1977,VCNS.TO,"04/22/2020, 11:59:28",25.48,0,0,0,0,0,0,0,0.0,0.0,0.0,0.0,Null,Null,Null
1978,VDU.TO,"04/22/2020, 11:59:44",30.45,0,0,0,0,0,0,0,0.0,0.0,0.0,0.0,Null,Null,Null
1979,VDY.TO,"04/22/2020, 12:00:01",27.13,0,0,0,0,0,0,0,0.0,0.0,0.0,0.0,Null,Null,Null
1980,VE.TO,"04/22/2020, 12:00:17",24.53,0,0,0,0,0,0,0,0.0,0.0,0.0,0.0,Null,Null,Null
1981,VEE.TO,"04/22/2020, 12:00:34",30.07,0,0,0,0,0,0,0,0.0,0.0,0.0,0.0,Null,Null,Null
1982,VEF.TO,"04/22/2020, 12:00:51",34.43,0,0,0,0,0,0,0,0.0,0.0,0.0,0.0,Null,Null,Null
1983,VEH.TO,"04/22/2020, 12:01:07",24.67,0,0,0,0,0,0,0,0.0,0.0,0.0,0.0,Null,Null,Null
1984,VEQT.TO,"04/22/2020, 12:01:23",25.01,0,0,0,0,0,0,0,0.0,0.0,0.0,0.0,Null,Null,Null
1985,VET.TO,"04/22/2020, 12:01:38",5.1,156620000.0,798780000.0,2760000000.0,917260000.0,0.0,0.0,0.0,29028.0,3412815.0,1747471.0,823465.0,2019-12-31,2019-12-31,2019-12-31
1986,VFF.TO,"04/22/2020, 12:01:55",4.16,56250000.0,234000000.0,252190000.0,-21380000.0,0.0,0.0,0.0,11989.0,56949.0,144568.0,-14387.0,2019-12-31,2019-12-31,2019-12-31
1987,VFV.TO,"04/22/2020, 12:02:12",70.2,0,0,0,0,0,0,0,0.0,0.0,0.0,0.0,Null,Null,Null
1988,VGAB.TO,"04/22/2020, 12:02:27",25.37,0,0,0,0,0,0,0,0.0,0.0,0.0,0.0,Null,Null,Null
1989,VGCX.TO,"04/22/2020, 12:02:44",8.35,58030000.0,484530000.0,714020000.0,-23190000.0,0.0,0.0,0.0,17753.0,371986.0,0.0,-8094.0,2019-12-31,2019-02-28,2019-02-28
1990,VGG.TO,"04/22/2020, 12:03:01",53.44,0,0,0,0,0,0,0,0.0,0.0,0.0,0.0,Null,Null,Null
1991,VGH.TO,"04/22/2020, 12:03:18",37.56,0,0,0,0,0,0,0,0.0,0.0,0.0,0.0,Null,Null,Null
1992,VGRO.TO,"04/22/2020, 12:03:36",24.16,0,0,0,0,0,0,0,0.0,0.0,0.0,0.0,Null,Null,Null
1993,VGV.TO,"04/22/2020, 12:03:54",26.85,0,0,0,0,0,0,0,0.0,0.0,0.0,0.0,Null,Null,Null
1994,VGZ.TO,"04/22/2020, 12:04:09",0.88,100700000.0,89690000.0,81370000.0,-8029999.999999999,0.0,0.0,0.0,8344.0,4038.0,0.0,-7053.0,2019-12-31,2019-12-31,2019-12-31
1995,VI.TO,"04/22/2020, 12:04:26",24.2,0,0,0,0,0,0,0,0.0,0.0,0.0,0.0,Null,Null,Null
1996,VIDY.TO,"04/22/2020, 12:04:44",20.12,0,0,0,0,0,0,0,0.0,0.0,0.0,0.0,Null,Null,Null
1997,VII.TO,"04/22/2020, 12:05:00",2.17,335460000.0,726300000.0,2670000000.0,1420000000.0,0.0,0.0,0.0,9600.0,3238300.0,2952100.0,1344900.0,2019-12-31,2019-12-31,2019-12-31
1998,VIU.TO,"04/22/2020, 12:05:18",24.69,0,0,0,0,0,0,0,0.0,0.0,0.0,0.0,Null,Null,Null
1999,VIVO.TO,"04/22/2020, 12:05:34",0.205,295890000.0,60660000.0,46090000.0,-10950000.0,0.0,0.0,0.0,48299.0,82023.0,23227.0,-21888.0,2019-12-31,2019-12-31,2019-12-31
2000,VLB.TO,"04/22/2020, 12:05:52",28.78,0,0,0,0,0,0,0,0.0,0.0,0.0,0.0,Null,Null,Null
2001,VLE.TO,"04/22/2020, 12:06:07",0.335,86580000.0,29010000.0,-7470000.0,2300000.0,0.0,0.0,0.0,36111.0,15345.0,10878.0,1572.0,2019-12-31,2019-12-31,2019-12-31
2002,VLN.TO,"04/22/2020, 12:06:24",5.55,6040000.0,119910000.0,115530000.0,20700000.0,0.0,0.0,0.0,71331.0,215524.0,366865.0,-9587.0,2019-02-28,2019-02-28,2019-02-28
2003,VLNS.TO,"04/22/2020, 12:06:39",2.22,127710000.0,283520000.0,243380000.0,28530000.0,0.0,0.0,0.0,0.0,0.0,0.0,0.0,Null,ttm,2018-11-30
2004,VLNS-WT.TO,"04/22/2020, 12:06:54",0.24,0,0,0.0,0,0,0,0,0.0,0.0,0.0,0.0,Null,ttm,ttm
2005,VLQ.TO,"04/22/2020, 12:07:11",28.22,0,0,0,0,0,0,0,0.0,0.0,0.0,0.0,Null,Null,Null
2006,VMD.TO,"04/22/2020, 12:07:26",9.28,38490000.0,357160000.0,372370000.0,15510000.0,0.0,0.0,0.0,13355.0,38897.0,80256.0,19087.0,2019-12-31,2019-12-31,2019-12-31
2007,VMO.TO,"04/22/2020, 12:07:43",32.32,0,0,0,0,0,0,0,0.0,0.0,0.0,0.0,Null,Null,Null
2008,VNP.TO,"04/22/2020, 12:07:59",1.25,83400000.0,104250000.0,147200000.0,17270000.0,0.0,0.0,0.0,20065.0,112645.0,195971.0,2681.0,2019-12-31,2019-12-31,2019-12-31
2009,VRE.TO,"04/22/2020, 12:08:16",25.15,0,0,0,0,0,0,0,0.0,0.0,0.0,0.0,Null,Null,Null
2010,VSB.TO,"04/22/2020, 12:08:33",24.31,0,0,0,0,0,0,0,0.0,0.0,0.0,0.0,Null,Null,Null
2011,VSC.TO,"04/22/2020, 12:08:50",24.38,0,0,0,0,0,0,0,0.0,0.0,0.0,0.0,Null,Null,Null
2012,VSG.TO,"04/22/2020, 12:09:09",25.15,0,0,0,0,0,0,0,0.0,0.0,0.0,0.0,Null,Null,Null
2013,VSP.TO,"04/22/2020, 12:09:25",47.42,0,0,0,0,0,0,0,0.0,0.0,0.0,0.0,Null,Null,Null
2014,VUN.TO,"04/22/2020, 12:09:42",53.53,0,0,0,0,0,0,0,0.0,0.0,0.0,0.0,Null,Null,Null
2015,VUS.TO,"04/22/2020, 12:09:59",51.69,0,0,0,0,0,0,0,0.0,0.0,0.0,0.0,Null,Null,Null
2016,VVL.TO,"04/22/2020, 12:10:18",22.87,0,0,0,0,0,0,0,0.0,0.0,0.0,0.0,Null,Null,Null
2017,VVO.TO,"04/22/2020, 12:10:35",27.58,0,0,0,0,0,0,0,0.0,0.0,0.0,0.0,Null,Null,Null
2018,VXC.TO,"04/22/2020, 12:10:52",35.93,0,0,0,0,0,0,0,0.0,0.0,0.0,0.0,Null,Null,Null
2019,VXM.TO,"04/22/2020, 12:11:09",17.49,0,0,0,0,0,0,0,0.0,0.0,0.0,0.0,Null,Null,Null
2020,VXM-B.TO,"04/22/2020, 12:11:26",20.01,0,0,0,0,0,0,0,0.0,0.0,0.0,0.0,Null,Null,Null
2021,W-PR-K.TO,"04/22/2020, 12:11:41",0,0,0,0,0,0,0,0,0.0,0.0,0.0,0.0,Null,Null,Null
2022,W-PR-M.TO,"04/22/2020, 12:11:58",0,0,0,0,0,0,0,0,0.0,0.0,0.0,0.0,Null,Null,Null
2023,WBR.TO,"04/22/2020, 12:12:15",3.03,35230000.0,106750000.0,149730000.0,9120000.0,0.0,0.0,0.0,0.0,59245.0,60333.0,13411.0,2020-01-31,2020-01-31,2020-01-31
2024,WCM-A.TO,"04/22/2020, 12:12:31",4.0,11330000.0,49300000.0,0.0,0.0,0.0,0.0,0.0,50074.0,4878.0,41886.0,-1903.0,2019-12-31,2019-12-31,2019-12-31
2025,WCM-B.TO,"04/22/2020, 12:12:46",4.0,0.0,49300000.0,0.0,0.0,0.0,0.0,0.0,50074.0,4878.0,41886.0,-1903.0,2019-12-31,2019-12-31,2019-12-31
2026,WCN.TO,"04/22/2020, 12:13:03",120.67,264019999.99999997,31560000000.0,35720000000.0,1660000000.0,0.0,0.0,0.0,326738.0,6799341.0,5388679.0,1540547.0,2019-12-31,2019-12-31,2019-12-31
2027,WCP.TO,"04/22/2020, 12:13:18",1.375,410560000.0,563230000.0,1780000000.0,627470000.0,0.0,0.0,0.0,0.0,2430255.0,1454239.0,645358.0,2019-12-31,2019-12-31,2019-12-31
2028,WDO.TO,"04/22/2020, 12:13:33",9.68,137200000.0,1330000000.0,1280000000.0,79720000.0,0.0,0.0,0.0,35657.0,79216.0,163974.0,71077.0,2019-12-31,2019-12-31,2019-12-31
2029,WEED.TO,"04/22/2020, 12:13:49",21.25,349650000.0,7430000000.0,6170000000.0,-606870000.0,0.0,0.0,0.0,4514963.0,1490357.0,226341.0,-520510.0,2019-03-31,2019-03-31,2019-03-31
2030,WEF.TO,"04/22/2020, 12:14:04",0.69,375200000.0,258890000.0,387130000.0,-14200000.0,0.0,0.0,0.0,2100.0,299900.0,807700.0,10500.0,2019-12-31,2019-12-31,2019-12-31
2031,WELL.TO,"04/22/2020, 12:14:20",1.85,121500000.0,224780000.0,222000000.0,-4680000.0,0.0,0.0,0.0,15644.0,26511.0,32811.0,-2633.0,2019-12-31,2019-12-31,2019-12-31
2032,WFC.TO,"04/22/2020, 12:14:36",21.53,33950000.0,731020000.0,1420000000.0,251420000.0,0.0,0.0,0.0,32770.0,1021710.0,452217.0,152278.0,2019-01-31,2019-01-31,2019-01-31
2033,WFS.TO,"04/22/2020, 12:14:52",2.0,1190000.0,2380000.0,-1930000.0,0,0,0.0,0.0,0.0,0.0,0.0,0.0,Null,ttm,ttm
2034,WFS-PR-A.TO,"04/22/2020, 12:15:07",0,0,0,0,0,0,0,0,0.0,0.0,0.0,0.0,Null,Null,Null
2035,WFT.TO,"04/22/2020, 12:15:24",29.31,66379999.99999999,2009999999.9999998,3090000000.0,122000000.0,0.0,0.0,0.0,16000.0,2194000.0,4877000.0,115000.0,2019-12-31,2019-12-31,2019-12-31
2036,WILD.TO,"04/22/2020, 12:15:41",0.77,170950000.0,131630000.0,924790000.0,60850000.0,0.0,0.0,0.0,39999.0,818977.0,439800.0,44529.0,2019-06-30,2019-06-30,2019-06-30
2037,WILD-DB.TO,"04/22/2020, 12:15:58",0,0,0,0,0,0,0,0,0.0,0.0,0.0,0.0,Null,Null,Null
2038,WIR-R.TO,"04/22/2020, 12:16:15",9.73,0,0,0.0,0,0,0,0,0.0,0.0,0.0,0.0,Null,ttm,ttm
2039,WIR-U.TO,"04/22/2020, 12:16:31",10.86,64379999.99999999,699160000.0,1680000000.0,76670000.0,0.0,0.0,0.0,18446.0,766554.0,118716.0,71586.0,2019-12-31,2019-12-31,2019-12-31
2040,WIR-UN.TO,"04/22/2020, 12:16:45",15.41,0,0,1680000000.0,76670000.0,0.0,0.0,0.0,0.0,0.0,0.0,0.0,Null,ttm,ttm
2041,WJX.TO,"04/22/2020, 12:17:02",7.03,20010000.0,140680000.0,555730000.0,87640000.0,0.0,0.0,0.0,3180.0,728279.0,1553046.0,-9669.0,2019-12-31,2019-12-31,2019-12-31
2042,WJX-DB.TO,"04/22/2020, 12:17:17",88.76,0,0,0.0,0,0,0,0,0.0,0.0,0.0,0.0,Null,ttm,ttm
2043,WLLW.TO,"04/22/2020, 12:17:33",0.385,78890000.0,30370000.0,13210000.0,-11380000.0,0.0,0.0,0.0,19735.0,11875.0,4.0,-9161.0,2019-12-31,2019-12-31,2019-12-31
2044,WM.TO,"04/22/2020, 12:17:48",0.71,580770000.0,416770000.0,357840000.0,-2490000.0,0.0,0.0,0.0,57094.0,12415.0,0.0,-2430.0,2019-12-31,2019-12-31,2019-12-31
2045,WN.TO,"04/22/2020, 12:18:05",103.65,153670000.0,15930000000.0,41630000000.0,4420000000.0,0.0,0.0,0.0,2063000.0,34638000.0,50109000.0,4555000.0,2019-12-31,2019-12-31,2019-12-31
2046,WN-PR-A.TO,"04/22/2020, 12:18:21",0,0,0,0,0,0,0,0,0.0,0.0,0.0,0.0,Null,Null,Null
2047,WN-PR-C.TO,"04/22/2020, 12:18:37",0,0,0,0,0,0,0,0,0.0,0.0,0.0,0.0,Null,Null,Null
2048,WN-PR-D.TO,"04/22/2020, 12:18:53",0,0,0,0,0,0,0,0,0.0,0.0,0.0,0.0,Null,Null,Null
2049,WN-PR-E.TO,"04/22/2020, 12:19:08",0,0,0,0,0,0,0,0,0.0,0.0,0.0,0.0,Null,Null,Null
2050,WOMN.TO,"04/22/2020, 12:19:25",21.95,0,0,0,0,0,0,0,0.0,0.0,0.0,0.0,Null,Null,Null
2051,WPK.TO,"04/22/2020, 12:19:43",46.12,65000000.0,3000000000.0,2700000000.0,198600000.0,0.0,0.0,0.0,397159.0,146626.0,873843.0,160031.0,2019-12-31,2019-12-31,2019-12-31
2052,WPM.TO,"04/22/2020, 12:19:58",51.57,448150000.0,23110000000.0,22900000000.0,549470000.0,0.0,0.0,0.0,103986.0,952087.0,861332.0,501620.0,2019-12-31,2019-12-31,2019-12-31
2053,WPRT.TO,"04/22/2020, 12:20:14",1.14,136420000.0,155520000.0,182290000.0,-6080000.0,0.0,0.0,0.0,43733.0,190567.0,305338.0,-15685.0,2019-12-31,2019-12-31,2019-12-31
2054,WRG.TO,"04/22/2020, 12:20:29",0.26,90930000.0,23640000.0,254150000.0,22410000.0,0.0,0.0,0.0,4015.0,283445.0,196408.0,31718.0,2019-12-31,2019-12-31,2019-12-31
2055,WRN.TO,"04/22/2020, 12:20:45",0.86,110590000.0,95150000.0,93340000.0,0,0,0,0.0,1802.0,462.0,0.0,-2038.0,2019-12-31,2019-12-31,2019-12-31
2056,WRX.TO,"04/22/2020, 12:21:01",0.175,186870000.0,32700000.000000004,65260000.00000001,-1690000.0,0.0,0.0,0.0,6899.0,34833.0,0.0,-1027.0,2019-09-30,2019-09-30,2019-09-30
2057,WSP.TO,"04/22/2020, 12:21:17",88.47,105650000.0,9370000000.0,11680000000.0,726700000.0,0.0,0.0,0.0,370100.0,5344200.0,8916100.0,814300.0,2019-12-31,2019-12-31,2019-12-31
2058,WTE.TO,"04/22/2020, 12:21:32",14.47,65080000.0,941650000.0,1100000000.0,217370000.0,0.0,0.0,0.0,131858.0,497471.0,395422.0,164016.0,2019-12-31,2019-12-31,2019-12-31
2059,WXM.TO,"04/22/2020, 12:21:50",16.22,0,0,0,0,0,0,0,0.0,0.0,0.0,0.0,Null,Null,Null
2060,X.TO,"04/22/2020, 12:22:06",118.95,56230000.0,6690000000.0,7480000000.0,809700000.0,0.0,0.0,0.0,229400.0,28860600.0,806900.0,344000.0,2019-12-31,2019-12-31,2019-12-31
2061,XAM.TO,"04/22/2020, 12:22:21",0.03,791170000.0,21160000.0,23740000.0,0,0,0.0,0.0,1209.0,161.0,0.0,0.0,2019-12-31,2019-12-31,2019-12-31
2062,XAU.TO,"04/22/2020, 12:22:36",2.72,77720000.0,211390000.0,160410000.0,-5390000.0,0.0,0.0,0.0,43956.0,4199.0,281544.0,-4474.0,2019-03-31,2019-03-31,2019-03-31
2063,XAW.TO,"04/22/2020, 12:22:53",24.98,0,0,0,0,0,0,0,0.0,0.0,0.0,0.0,Null,Null,Null
2064,XAW-U.TO,"04/22/2020, 12:23:09",17.54,0,0,0,0,0,0,0,0.0,0.0,0.0,0.0,Null,Null,Null
2065,XBAL.TO,"04/22/2020, 12:23:26",22.2,0,0,0,0,0,0,0,0.0,0.0,0.0,0.0,Null,Null,Null
2066,XBB.TO,"04/22/2020, 12:23:42",32.74,0,0,0,0,0,0,0,0.0,0.0,0.0,0.0,Null,Null,Null
2067,XBM.TO,"04/22/2020, 12:23:59",7.71,0,0,0,0,0,0,0,0.0,0.0,0.0,0.0,Null,Null,Null
2068,XCB.TO,"04/22/2020, 12:24:15",21.41,0,0,0,0,0,0,0,0.0,0.0,0.0,0.0,Null,Null,Null
2069,XCD.TO,"04/22/2020, 12:24:33",31.29,0,0,0,0,0,0,0,0.0,0.0,0.0,0.0,Null,Null,Null
2070,XCG.TO,"04/22/2020, 12:24:49",34.12,0,0,0,0,0,0,0,0.0,0.0,0.0,0.0,Null,Null,Null
2071,XCH.TO,"04/22/2020, 12:25:05",25.68,0,0,0,0,0,0,0,0.0,0.0,0.0,0.0,Null,Null,Null
2072,XCNS.TO,"04/22/2020, 12:25:22",19.86,0,0,0,0,0,0,0,0.0,0.0,0.0,0.0,Null,Null,Null
2073,XCS.TO,"04/22/2020, 12:25:39",10.84,0,0,0,0,0,0,0,0.0,0.0,0.0,0.0,Null,Null,Null
2074,XCT.TO,"04/22/2020, 12:25:54",0.37,21750000.0,8050000.000000001,10100000.0,-5590000.0,0.0,0.0,0.0,10237.0,20299.0,15197.0,-6305.0,2019-10-31,2019-10-31,2019-10-31
2075,XCV.TO,"04/22/2020, 12:26:12",19.5,0,0,0,0,0,0,0,0.0,0.0,0.0,0.0,Null,Null,Null
2076,XDG.TO,"04/22/2020, 12:26:28",19.29,0,0,0,0,0,0,0,0.0,0.0,0.0,0.0,Null,Null,Null
2077,XDG-U.TO,"04/22/2020, 12:26:45",13.26,0,0,0,0,0,0,0,0.0,0.0,0.0,0.0,Null,Null,Null
2078,XDGH.TO,"04/22/2020, 12:27:02",18.56,0,0,0,0,0,0,0,0.0,0.0,0.0,0.0,Null,Null,Null
2079,XDIV.TO,"04/22/2020, 12:27:19",16.64,0,0,0,0,0,0,0,0.0,0.0,0.0,0.0,Null,Null,Null
2080,XDU.TO,"04/22/2020, 12:27:36",21.35,0,0,0,0,0,0,0,0.0,0.0,0.0,0.0,Null,Null,Null
2081,XDU-U.TO,"04/22/2020, 12:27:53",14.9,0,0,0,0,0,0,0,0.0,0.0,0.0,0.0,Null,Null,Null
2082,XDUH.TO,"04/22/2020, 12:28:09",19.48,0,0,0,0,0,0,0,0.0,0.0,0.0,0.0,Null,Null,Null
2083,XDV.TO,"04/22/2020, 12:28:26",19.7,0,0,0,0,0,0,0,0.0,0.0,0.0,0.0,Null,Null,Null
2084,XEB.TO,"04/22/2020, 12:28:42",17.8,0,0,0,0,0,0,0,0.0,0.0,0.0,0.0,Null,Null,Null
2085,XEC.TO,"04/22/2020, 12:29:00",23.24,0,0,0,0,0,0,0,0.0,0.0,0.0,0.0,Null,Null,Null
2086,XEC-U.TO,"04/22/2020, 12:29:16",16.99,0,0,0,0,0,0,0,0.0,0.0,0.0,0.0,Null,Null,Null
2087,XEF.TO,"04/22/2020, 12:29:32",26.87,0,0,0,0,0,0,0,0.0,0.0,0.0,0.0,Null,Null,Null
2088,XEF-U.TO,"04/22/2020, 12:29:48",18.49,0,0,0,0,0,0,0,0.0,0.0,0.0,0.0,Null,Null,Null
2089,XEG.TO,"04/22/2020, 12:30:08",4.16,0,0,0,0,0,0,0,0.0,0.0,0.0,0.0,Null,Null,Null
2090,XEH.TO,"04/22/2020, 12:30:24",20.93,0,0,0,0,0,0,0,0.0,0.0,0.0,0.0,Null,Null,Null
2091,XEI.TO,"04/22/2020, 12:30:41",16.02,0,0,0,0,0,0,0,0.0,0.0,0.0,0.0,Null,Null,Null
2092,XEM.TO,"04/22/2020, 12:30:58",28.18,0,0,0,0,0,0,0,0.0,0.0,0.0,0.0,Null,Null,Null
2093,XEN.TO,"04/22/2020, 12:31:15",20.32,0,0,0,0,0,0,0,0.0,0.0,0.0,0.0,Null,Null,Null
2094,XEQT.TO,"04/22/2020, 12:31:31",18.97,0,0,0,0,0,0,0,0.0,0.0,0.0,0.0,Null,Null,Null
2095,XESG.TO,"04/22/2020, 12:31:48",17.15,0,0,0,0,0,0,0,0.0,0.0,0.0,0.0,Null,Null,Null
2096,XEU.TO,"04/22/2020, 12:32:04",20.58,0,0,0,0,0,0,0,0.0,0.0,0.0,0.0,Null,Null,Null
2097,XFA.TO,"04/22/2020, 12:32:21",23.14,0,0,0,0,0,0,0,0.0,0.0,0.0,0.0,Null,Null,Null
2098,XFC.TO,"04/22/2020, 12:32:37",19.83,0,0,0,0,0,0,0,0.0,0.0,0.0,0.0,Null,Null,Null
2099,XFF.TO,"04/22/2020, 12:32:53",20.44,0,0,0,0,0,0,0,0.0,0.0,0.0,0.0,Null,Null,Null
2100,XFH.TO,"04/22/2020, 12:33:09",19.3,0,0,0,0,0,0,0,0.0,0.0,0.0,0.0,Null,Null,Null
2101,XFI.TO,"04/22/2020, 12:33:26",20.11,0,0,0,0,0,0,0,0.0,0.0,0.0,0.0,Null,Null,Null
2102,XFN.TO,"04/22/2020, 12:33:43",30.08,0,0,0,0,0,0,0,0.0,0.0,0.0,0.0,Null,Null,Null
2103,XFR.TO,"04/22/2020, 12:34:00",20.0,0,0,0,0,0,0,0,0.0,0.0,0.0,0.0,Null,Null,Null
2104,XFS.TO,"04/22/2020, 12:34:16",26.56,0,0,0,0,0,0,0,0.0,0.0,0.0,0.0,Null,Null,Null
2105,XGB.TO,"04/22/2020, 12:34:33",23.05,0,0,0,0,0,0,0,0.0,0.0,0.0,0.0,Null,Null,Null
2106,XGD.TO,"04/22/2020, 12:34:50",20.55,0,0,0,0,0,0,0,0.0,0.0,0.0,0.0,Null,Null,Null
2107,XGI.TO,"04/22/2020, 12:35:07",26.78,0,0,0,0,0,0,0,0.0,0.0,0.0,0.0,Null,Null,Null
2108,XGRO.TO,"04/22/2020, 12:35:24",19.44,0,0,0,0,0,0,0,0.0,0.0,0.0,0.0,Null,Null,Null
2109,XHB.TO,"04/22/2020, 12:35:40",19.58,0,0,0,0,0,0,0,0.0,0.0,0.0,0.0,Null,Null,Null
2110,XHC.TO,"04/22/2020, 12:35:57",52.9,0,0,0,0,0,0,0,0.0,0.0,0.0,0.0,Null,Null,Null
2111,XHD.TO,"04/22/2020, 12:36:14",24.46,0,0,0,0,0,0,0,0.0,0.0,0.0,0.0,Null,Null,Null
2112,XHU.TO,"04/22/2020, 12:36:32",22.85,0,0,0,0,0,0,0,0.0,0.0,0.0,0.0,Null,Null,Null
2113,XHY.TO,"04/22/2020, 12:36:48",17.15,0,0,0,0,0,0,0,0.0,0.0,0.0,0.0,Null,Null,Null
2114,XIC.TO,"04/22/2020, 12:37:05",22.62,0,0,0,0,0,0,0,0.0,0.0,0.0,0.0,Null,Null,Null
2115,XID.TO,"04/22/2020, 12:37:22",29.74,0,0,0,0,0,0,0,0.0,0.0,0.0,0.0,Null,Null,Null
2116,XIG.TO,"04/22/2020, 12:37:40",24.54,0,0,0,0,0,0,0,0.0,0.0,0.0,0.0,Null,Null,Null
2117,XIN.TO,"04/22/2020, 12:37:56",22.19,0,0,0,0,0,0,0,0.0,0.0,0.0,0.0,Null,Null,Null
2118,XINC.TO,"04/22/2020, 12:38:13",20.11,0,0,0,0,0,0,0,0.0,0.0,0.0,0.0,Null,Null,Null
2119,XIT.TO,"04/22/2020, 12:38:29",31.65,0,0,0,0,0,0,0,0.0,0.0,0.0,0.0,Null,Null,Null
2120,XIU.TO,"04/22/2020, 12:38:48",21.77,0,0,0,0,0,0,0,0.0,0.0,0.0,0.0,Null,Null,Null
2121,XLB.TO,"04/22/2020, 12:39:05",26.28,0,0,0,0,0,0,0,0.0,0.0,0.0,0.0,Null,Null,Null
2122,XMA.TO,"04/22/2020, 12:39:21",15.63,0,0,0,0,0,0,0,0.0,0.0,0.0,0.0,Null,Null,Null
2123,XMC.TO,"04/22/2020, 12:39:38",16.29,0,0,0,0,0,0,0,0.0,0.0,0.0,0.0,Null,Null,Null
2124,XMC-U.TO,"04/22/2020, 12:39:55",11.45,0,0,0,0,0,0,0,0.0,0.0,0.0,0.0,Null,Null,Null
2125,XMD.TO,"04/22/2020, 12:40:12",20.82,0,0,0,0,0,0,0,0.0,0.0,0.0,0.0,Null,Null,Null
2126,XMF-A.TO,"04/22/2020, 12:40:28",0.16,2280000.0,0.0,1010000.0,0,0,0,0.0,0.0,24987.0,4214.0,6914.0,2019-11-30,2019-11-30,2019-11-30
2127,XMF-PR-B.TO,"04/22/2020, 12:40:43",0,0,0,0,0,0,0,0,0.0,0.0,0.0,0.0,Null,Null,Null
2128,XMF-PR-C.TO,"04/22/2020, 12:40:59",0,0,0,0,0,0,0,0,0.0,0.0,0.0,0.0,Null,Null,Null
2129,XMH.TO,"04/22/2020, 12:41:15",14.28,0,0,0,0,0,0,0,0.0,0.0,0.0,0.0,Null,Null,Null
2130,XMI.TO,"04/22/2020, 12:41:31",34.39,0,0,0,0,0,0,0,0.0,0.0,0.0,0.0,Null,Null,Null
2131,XML.TO,"04/22/2020, 12:41:47",20.8,0,0,0,0,0,0,0,0.0,0.0,0.0,0.0,Null,Null,Null
2132,XMM.TO,"04/22/2020, 12:42:05",24.65,0,0,0,0,0,0,0,0.0,0.0,0.0,0.0,Null,Null,Null
2133,XMS.TO,"04/22/2020, 12:42:21",25.39,0,0,0,0,0,0,0,0.0,0.0,0.0,0.0,Null,Null,Null
2134,XMTM.TO,"04/22/2020, 12:42:38",20.49,0,0,0,0,0,0,0,0.0,0.0,0.0,0.0,Null,Null,Null
2135,XMU.TO,"04/22/2020, 12:42:55",56.0,0,0,0,0,0,0,0,0.0,0.0,0.0,0.0,Null,Null,Null
2136,XMU-U.TO,"04/22/2020, 12:43:11",40.54,0,0,0,0,0,0,0,0.0,0.0,0.0,0.0,Null,Null,Null
2137,XMV.TO,"04/22/2020, 12:43:28",27.21,0,0,0,0,0,0,0,0.0,0.0,0.0,0.0,Null,Null,Null
2138,XMW.TO,"04/22/2020, 12:43:43",43.02,0,0,0,0,0,0,0,0.0,0.0,0.0,0.0,Null,Null,Null
2139,XMY.TO,"04/22/2020, 12:43:59",23.37,0,0,0,0,0,0,0,0.0,0.0,0.0,0.0,Null,Null,Null
2140,XPF.TO,"04/22/2020, 12:44:16",14.49,0,0,0,0,0,0,0,0.0,0.0,0.0,0.0,Null,Null,Null
2141,XQB.TO,"04/22/2020, 12:44:32",21.63,0,0,0,0,0,0,0,0.0,0.0,0.0,0.0,Null,Null,Null
2142,XQLT.TO,"04/22/2020, 12:44:47",19.87,0,0,0,0,0,0,0,0.0,0.0,0.0,0.0,Null,Null,Null
2143,XQQ.TO,"04/22/2020, 12:45:06",68.28,0,0,0,0,0,0,0,0.0,0.0,0.0,0.0,Null,Null,Null
2144,XRB.TO,"04/22/2020, 12:45:23",24.75,0,0,0,0,0,0,0,0.0,0.0,0.0,0.0,Null,Null,Null
2145,XRE.TO,"04/22/2020, 12:45:40",14.33,0,0,0,0,0,0,0,0.0,0.0,0.0,0.0,Null,Null,Null
2146,XSAB.TO,"04/22/2020, 12:45:56",21.06,0,0,0,0,0,0,0,0.0,0.0,0.0,0.0,Null,Null,Null
2147,XSB.TO,"04/22/2020, 12:46:13",28.01,0,0,0,0,0,0,0,0.0,0.0,0.0,0.0,Null,Null,Null
2148,XSC.TO,"04/22/2020, 12:46:29",19.1,0,0,0,0,0,0,0,0.0,0.0,0.0,0.0,Null,Null,Null
2149,XSE.TO,"04/22/2020, 12:46:46",20.61,0,0,0,0,0,0,0,0.0,0.0,0.0,0.0,Null,Null,Null
2150,XSEA.TO,"04/22/2020, 12:47:02",17.9,0,0,0,0,0,0,0,0.0,0.0,0.0,0.0,Null,Null,Null
2151,XSEM.TO,"04/22/2020, 12:47:19",17.99,0,0,0,0,0,0,0,0.0,0.0,0.0,0.0,Null,Null,Null
2152,XSH.TO,"04/22/2020, 12:47:35",19.21,0,0,0,0,0,0,0,0.0,0.0,0.0,0.0,Null,Null,Null
2153,XSI.TO,"04/22/2020, 12:47:51",17.88,0,0,0,0,0,0,0,0.0,0.0,0.0,0.0,Null,Null,Null
2154,XSMC.TO,"04/22/2020, 12:48:07",16.23,0,0,0,0,0,0,0,0.0,0.0,0.0,0.0,Null,Null,Null
2155,XSMH.TO,"04/22/2020, 12:48:23",14.6,0,0,0,0,0,0,0,0.0,0.0,0.0,0.0,Null,Null,Null
2156,XSP.TO,"04/22/2020, 12:48:42",30.52,0,0,0,0,0,0,0,0.0,0.0,0.0,0.0,Null,Null,Null
2157,XSQ.TO,"04/22/2020, 12:48:58",19.83,0,0,0,0,0,0,0,0.0,0.0,0.0,0.0,Null,Null,Null
2158,XST.TO,"04/22/2020, 12:49:15",63.48,0,0,0,0,0,0,0,0.0,0.0,0.0,0.0,Null,Null,Null
2159,XSTB.TO,"04/22/2020, 12:49:32",20.38,0,0,0,0,0,0,0,0.0,0.0,0.0,0.0,Null,Null,Null
2160,XSU.TO,"04/22/2020, 12:49:52",24.5,0,0,0,0,0,0,0,0.0,0.0,0.0,0.0,Null,Null,Null
2161,XSUS.TO,"04/22/2020, 12:50:08",21.3,0,0,0,0,0,0,0,0.0,0.0,0.0,0.0,Null,Null,Null
2162,XTC.TO,"04/22/2020, 12:50:23",5.51,39940000.0,220050000.0,234080000.0,58040000.0,0.0,0.0,0.0,26488.0,96563.0,507348.0,64816.0,2019-09-30,2019-09-30,2019-09-30
2163,XTD.TO,"04/22/2020, 12:50:39",2.72,4950000.0,13480000.0,-45010000.0,0,0,0,0.0,0.0,34309.0,3819.0,5950.0,2019-11-30,2019-11-30,2019-11-30
2164,XTD-PR-A.TO,"04/22/2020, 12:50:55",0,0,0,0,0,0,0,0,0.0,0.0,0.0,0.0,Null,Null,Null
2165,XTG.TO,"04/22/2020, 12:51:11",0.495,46700000.0,23120000.0,16629999.999999998,1060000.0,0.0,0,0.0,4868.0,443.0,0.0,1598.0,2019-12-31,2019-12-31,2019-12-31
2166,XTR.TO,"04/22/2020, 12:51:28",9.89,0,0,0,0,0,0,0,0.0,0.0,0.0,0.0,Null,Null,Null
2167,XUH.TO,"04/22/2020, 12:51:44",24.13,0,0,0,0,0,0,0,0.0,0.0,0.0,0.0,Null,Null,Null
2168,XUS.TO,"04/22/2020, 12:52:01",49.13,0,0,0,0,0,0,0,0.0,0.0,0.0,0.0,Null,Null,Null
2169,XUS-U.TO,"04/22/2020, 12:52:18",34.39,0,0,0,0,0,0,0,0.0,0.0,0.0,0.0,Null,Null,Null
2170,XUT.TO,"04/22/2020, 12:52:34",25.41,0,0,0,0,0,0,0,0.0,0.0,0.0,0.0,Null,Null,Null
2171,XUU.TO,"04/22/2020, 12:52:51",29.3,0,0,0,0,0,0,0,0.0,0.0,0.0,0.0,Null,Null,Null
2172,XUU-U.TO,"04/22/2020, 12:53:07",20.8,0,0,0,0,0,0,0,0.0,0.0,0.0,0.0,Null,Null,Null
2173,XVLU.TO,"04/22/2020, 12:53:23",17.83,0,0,0,0,0,0,0,0.0,0.0,0.0,0.0,Null,Null,Null
2174,XWD.TO,"04/22/2020, 12:53:40",50.34,0,0,0,0,0,0,0,0.0,0.0,0.0,0.0,Null,Null,Null
2175,XXM.TO,"04/22/2020, 12:53:56",6.33,0,0,0,0,0,0,0,0.0,0.0,0.0,0.0,Null,Null,Null
2176,XXM-B.TO,"04/22/2020, 12:54:17",9.26,0,0,0,0,0,0,0,0.0,0.0,0.0,0.0,Null,Null,Null
2177,Y.TO,"04/22/2020, 12:54:32",8.1,28080000.0,227410000.0,332120000.0,128320000.0,0.0,0,0.0,45334.0,343538.0,403213.0,144759.0,2019-12-31,2019-12-31,2019-12-31
2178,Y-WT.TO,"04/22/2020, 12:54:48",0,0,0,0,0,0,0,0,0.0,0.0,0.0,0.0,Null,Null,Null
2179,YCM.TO,"04/22/2020, 12:55:04",0.55,0.0,0.0,0.0,0,0,0,0,0.0,16393.0,1395.0,11247.0,2019-11-30,2019-11-30,2019-11-30
2180,YCM-PR-A.TO,"04/22/2020, 12:55:20",0,0,0,0,0,0,0,0,0.0,0.0,0.0,0.0,Null,Null,Null
2181,YCM-PR-B.TO,"04/22/2020, 12:55:35",0,0,0,0,0,0,0,0,0.0,0.0,0.0,0.0,Null,Null,Null
2182,YGR.TO,"04/22/2020, 12:55:50",0.43,85380000.0,36710000.0,229590000.0,93770000.0,0.0,0.0,0.0,0.0,288552.0,143976.0,81205.0,2019-12-31,2019-12-31,2019-12-31
2183,YPG-DB.TO,"04/22/2020, 12:56:08",0,0,0,0,0,0,0,0,0.0,0.0,0.0,0.0,Null,Null,Null
2184,YRB.TO,"04/22/2020, 12:56:24",0.035,340610000.0,11920000.0,12830000.0,-1070000.0,0.0,0.0,0.0,819.0,899.0,1379.0,-830.0,2019-12-31,2019-12-31,2019-12-31
2185,YRI.TO,"04/22/2020, 12:56:40",6.52,951630000.0,6200000000.0,6900000000.0,684800000.0,0.0,0.0,0.0,158800.0,2897300.0,1612200.0,521800.0,2019-12-31,2019-12-31,2019-12-31
2186,YXM.TO,"04/22/2020, 12:56:56",11.59,0,0,0,0,0,0,0,0.0,0.0,0.0,0.0,Null,Null,Null
2187,YXM-B.TO,"04/22/2020, 12:57:12",16.76,0,0,0,0,0,0,0,0.0,0.0,0.0,0.0,Null,Null,Null
2188,ZAG.TO,"04/22/2020, 12:57:29",16.37,0,0,0,0,0,0,0,0.0,0.0,0.0,0.0,Null,Null,Null
2189,ZAR.TO,"04/22/2020, 12:57:44",0.07,22990000.0,1610000.0,0.0,6970000.0,0.0,0.0,0.0,2991.0,74834.0,33588.0,2222.0,2019-12-31,2019-12-31,2019-12-31
2190,ZBAL.TO,"04/22/2020, 12:58:02",30.4,0,0,0,0,0,0,0,0.0,0.0,0.0,0.0,Null,Null,Null
2191,ZBBB.TO,"04/22/2020, 12:58:18",29.05,0,0,0,0,0,0,0,0.0,0.0,0.0,0.0,Null,Null,Null
2192,ZBK.TO,"04/22/2020, 12:58:33",18.7,0,0,0,0,0,0,0,0.0,0.0,0.0,0.0,Null,Null,Null
2193,ZCB.TO,"04/22/2020, 12:58:50",50.92,0,0,0,0,0,0,0,0.0,0.0,0.0,0.0,Null,Null,Null
2194,ZCH.TO,"04/22/2020, 12:59:07",25.4,0,0,0,0,0,0,0,0.0,0.0,0.0,0.0,Null,Null,Null
2195,ZCM.TO,"04/22/2020, 12:59:23",16.42,0,0,0,0,0,0,0,0.0,0.0,0.0,0.0,Null,Null,Null
2196,ZCN.TO,"04/22/2020, 12:59:40",19.19,0,0,0,0,0,0,0,0.0,0.0,0.0,0.0,Null,Null,Null
2197,ZCON.TO,"04/22/2020, 12:59:58",30.94,0,0,0,0,0,0,0,0.0,0.0,0.0,0.0,Null,Null,Null
2198,ZCPB.TO,"04/22/2020, 13:00:14",32.22,0,0,0,0,0,0,0,0.0,0.0,0.0,0.0,Null,Null,Null
2199,ZCS.TO,"04/22/2020, 13:00:30",14.16,0,0,0,0,0,0,0,0.0,0.0,0.0,0.0,Null,Null,Null
2200,ZCS-L.TO,"04/22/2020, 13:00:48",21.57,0,0,0,0,0,0,0,0.0,0.0,0.0,0.0,Null,Null,Null
2201,ZDB.TO,"04/22/2020, 13:01:04",16.94,0,0,0,0,0,0,0,0.0,0.0,0.0,0.0,Null,Null,Null
2202,ZDH.TO,"04/22/2020, 13:01:20",16.7,0,0,0,0,0,0,0,0.0,0.0,0.0,0.0,Null,Null,Null
2203,ZDI.TO,"04/22/2020, 13:01:36",16.23,0,0,0,0,0,0,0,0.0,0.0,0.0,0.0,Null,Null,Null
2204,ZDJ.TO,"04/22/2020, 13:01:53",38.24,0,0,0,0,0,0,0,0.0,0.0,0.0,0.0,Null,Null,Null
2205,ZDM.TO,"04/22/2020, 13:02:09",18.27,0,0,0,0,0,0,0,0.0,0.0,0.0,0.0,Null,Null,Null
2206,ZDV.TO,"04/22/2020, 13:02:26",13.11,0,0,0,0,0,0,0,0.0,0.0,0.0,0.0,Null,Null,Null
2207,ZDY.TO,"04/22/2020, 13:02:42",27.7,0,0,0,0,0,0,0,0.0,0.0,0.0,0.0,Null,Null,Null
2208,ZDY-U.TO,"04/22/2020, 13:03:00",19.8,0,0,0,0,0,0,0,0.0,0.0,0.0,0.0,Null,Null,Null
2209,ZEA.TO,"04/22/2020, 13:03:16",16.43,0,0,0,0,0,0,0,0.0,0.0,0.0,0.0,Null,Null,Null
2210,ZEB.TO,"04/22/2020, 13:03:32",21.65,0,0,0,0,0,0,0,0.0,0.0,0.0,0.0,Null,Null,Null
2211,ZEF.TO,"04/22/2020, 13:03:49",14.35,0,0,0,0,0,0,0,0.0,0.0,0.0,0.0,Null,Null,Null
2212,ZEM.TO,"04/22/2020, 13:04:05",18.15,0,0,0,0,0,0,0,0.0,0.0,0.0,0.0,Null,Null,Null
2213,ZENA.TO,"04/22/2020, 13:04:20",0.07,347720000.0,24340000.0,149140000.0,-23020000.0,0.0,0.0,0.0,16574.0,215471.0,66505.0,-78879.0,2019-12-31,2019-12-31,2019-12-31
2214,ZENA-WT.TO,"04/22/2020, 13:04:35",0.02,0,0,0.0,0,0,0,0,0.0,0.0,0.0,0.0,Null,ttm,ttm
2215,ZEO.TO,"04/22/2020, 13:04:53",23.69,0,0,0,0,0,0,0,0.0,0.0,0.0,0.0,Null,Null,Null
2216,ZEQ.TO,"04/22/2020, 13:05:11",21.3,0,0,0,0,0,0,0,0.0,0.0,0.0,0.0,Null,Null,Null
2217,ZESG.TO,"04/22/2020, 13:05:27",28.35,0,0,0,0,0,0,0,0.0,0.0,0.0,0.0,Null,Null,Null
2218,ZFC.TO,"04/22/2020, 13:05:44",29.43,0,0,0,0,0,0,0,0.0,0.0,0.0,0.0,Null,Null,Null
2219,ZFH.TO,"04/22/2020, 13:06:01",13.32,0,0,0,0,0,0,0,0.0,0.0,0.0,0.0,Null,Null,Null
2220,ZFL.TO,"04/22/2020, 13:06:20",20.07,0,0,0,0,0,0,0,0.0,0.0,0.0,0.0,Null,Null,Null
2221,ZFM.TO,"04/22/2020, 13:06:35",17.53,0,0,0,0,0,0,0,0.0,0.0,0.0,0.0,Null,Null,Null
2222,ZFN.TO,"04/22/2020, 13:06:52",29.67,0,0,0,0,0,0,0,0.0,0.0,0.0,0.0,Null,Null,Null
2223,ZFS.TO,"04/22/2020, 13:07:09",14.64,0,0,0,0,0,0,0,0.0,0.0,0.0,0.0,Null,Null,Null
2224,ZFS-L.TO,"04/22/2020, 13:07:28",21.33,0,0,0,0,0,0,0,0.0,0.0,0.0,0.0,Null,Null,Null
2225,ZGB.TO,"04/22/2020, 13:07:46",54.53,0,0,0,0,0,0,0,0.0,0.0,0.0,0.0,Null,Null,Null
2226,ZGD.TO,"04/22/2020, 13:08:01",69.24,0,0,0,0,0,0,0,0.0,0.0,0.0,0.0,Null,Null,Null
2227,ZGI.TO,"04/22/2020, 13:08:18",37.81,0,0,0,0,0,0,0,0.0,0.0,0.0,0.0,Null,Null,Null
2228,ZGQ.TO,"04/22/2020, 13:08:35",36.51,0,0,0,0,0,0,0,0.0,0.0,0.0,0.0,Null,Null,Null
2229,ZGRO.TO,"04/22/2020, 13:08:51",30.2,0,0,0,0,0,0,0,0.0,0.0,0.0,0.0,Null,Null,Null
2230,ZGSB.TO,"04/22/2020, 13:09:08",28.73,0,0,0,0,0,0,0,0.0,0.0,0.0,0.0,Null,Null,Null
2231,ZHP.TO,"04/22/2020, 13:09:27",21.16,0,0,0,0,0,0,0,0.0,0.0,0.0,0.0,Null,Null,Null
2232,ZHU.TO,"04/22/2020, 13:09:43",35.65,0,0,0,0,0,0,0,0.0,0.0,0.0,0.0,Null,Null,Null
2233,ZHY.TO,"04/22/2020, 13:09:59",11.94,0,0,0,0,0,0,0,0.0,0.0,0.0,0.0,Null,Null,Null
2234,ZIC.TO,"04/22/2020, 13:10:17",20.89,0,0,0,0,0,0,0,0.0,0.0,0.0,0.0,Null,Null,Null
2235,ZIC-U.TO,"04/22/2020, 13:10:33",15.19,0,0,0,0,0,0,0,0.0,0.0,0.0,0.0,Null,Null,Null
2236,ZID.TO,"04/22/2020, 13:10:49",20.53,0,0,0,0,0,0,0,0.0,0.0,0.0,0.0,Null,Null,Null
2237,ZIN.TO,"04/22/2020, 13:11:04",21.22,0,0,0,0,0,0,0,0.0,0.0,0.0,0.0,Null,Null,Null
2238,ZJG.TO,"04/22/2020, 13:11:21",67.18,0,0,0,0,0,0,0,0.0,0.0,0.0,0.0,Null,Null,Null
2239,ZJK.TO,"04/22/2020, 13:11:38",19.55,0,0,0,0,0,0,0,0.0,0.0,0.0,0.0,Null,Null,Null
2240,ZJN.TO,"04/22/2020, 13:11:54",23.37,0,0,0,0,0,0,0,0.0,0.0,0.0,0.0,Null,Null,Null
2241,ZJO.TO,"04/22/2020, 13:12:13",14.26,0,0,0,0,0,0,0,0.0,0.0,0.0,0.0,Null,Null,Null
2242,ZLB.TO,"04/22/2020, 13:12:30",29.92,0,0,0,0,0,0,0,0.0,0.0,0.0,0.0,Null,Null,Null
2243,ZLC.TO,"04/22/2020, 13:12:48",18.55,0,0,0,0,0,0,0,0.0,0.0,0.0,0.0,Null,Null,Null
2244,ZLD.TO,"04/22/2020, 13:13:05",21.55,0,0,0,0,0,0,0,0.0,0.0,0.0,0.0,Null,Null,Null
2245,ZLE.TO,"04/22/2020, 13:13:22",19.02,0,0,0,0,0,0,0,0.0,0.0,0.0,0.0,Null,Null,Null
2246,ZLH.TO,"04/22/2020, 13:13:38",24.72,0,0,0,0,0,0,0,0.0,0.0,0.0,0.0,Null,Null,Null
2247,ZLI.TO,"04/22/2020, 13:13:56",22.5,0,0,0,0,0,0,0,0.0,0.0,0.0,0.0,Null,Null,Null
2248,ZLU.TO,"04/22/2020, 13:14:13",38.14,0,0,0,0,0,0,0,0.0,0.0,0.0,0.0,Null,Null,Null
2249,ZLU-U.TO,"04/22/2020, 13:14:30",27.08,0,0,0,0,0,0,0,0.0,0.0,0.0,0.0,Null,Null,Null
2250,ZMBS.TO,"04/22/2020, 13:14:47",30.55,0,0,0,0,0,0,0,0.0,0.0,0.0,0.0,Null,Null,Null
2251,ZMI.TO,"04/22/2020, 13:15:03",14.59,0,0,0,0,0,0,0,0.0,0.0,0.0,0.0,Null,Null,Null
2252,ZMID.TO,"04/22/2020, 13:15:20",23.28,0,0,0,0,0,0,0,0.0,0.0,0.0,0.0,Null,Null,Null
2253,ZMID-F.TO,"04/22/2020, 13:15:36",20.01,0,0,0,0,0,0,0,0.0,0.0,0.0,0.0,Null,Null,Null
2254,ZMP.TO,"04/22/2020, 13:15:51",15.99,0,0,0,0,0,0,0,0.0,0.0,0.0,0.0,Null,Null,Null
2255,ZMSB.TO,"04/22/2020, 13:16:08",30.0,0,0,0,0,0,0,0,0.0,0.0,0.0,0.0,Null,Null,Null
2256,ZMT.TO,"04/22/2020, 13:16:25",25.61,0,0,0,0,0,0,0,0.0,0.0,0.0,0.0,Null,Null,Null
2257,ZMU.TO,"04/22/2020, 13:16:41",15.1,0,0,0,0,0,0,0,0.0,0.0,0.0,0.0,Null,Null,Null
2258,ZNQ.TO,"04/22/2020, 13:16:58",39.29,0,0,0,0,0,0,0,0.0,0.0,0.0,0.0,Null,Null,Null
2259,ZPAY.TO,"04/22/2020, 13:17:14",29.9,0,0,0,0,0,0,0,0.0,0.0,0.0,0.0,Null,Null,Null
2260,ZPAY-F.TO,"04/22/2020, 13:17:31",27.69,0,0,0,0,0,0,0,0.0,0.0,0.0,0.0,Null,Null,Null
2261,ZPAY-U.TO,"04/22/2020, 13:17:46",26.1,0,0,0,0,0,0,0,0.0,0.0,0.0,0.0,Null,Null,Null
2262,ZPH.TO,"04/22/2020, 13:18:02",14.34,0,0,0,0,0,0,0,0.0,0.0,0.0,0.0,Null,Null,Null
2263,ZPL.TO,"04/22/2020, 13:18:19",17.55,0,0,0,0,0,0,0,0.0,0.0,0.0,0.0,Null,Null,Null
2264,ZPR.TO,"04/22/2020, 13:18:36",7.72,0,0,0,0,0,0,0,0.0,0.0,0.0,0.0,Null,Null,Null
2265,ZPS.TO,"04/22/2020, 13:18:54",13.55,0,0,0,0,0,0,0,0.0,0.0,0.0,0.0,Null,Null,Null
2266,ZPS-L.TO,"04/22/2020, 13:19:11",21.6,0,0,0,0,0,0,0,0.0,0.0,0.0,0.0,Null,Null,Null
2267,ZPW.TO,"04/22/2020, 13:19:28",14.98,0,0,0,0,0,0,0,0.0,0.0,0.0,0.0,Null,Null,Null
2268,ZPW-U.TO,"04/22/2020, 13:19:44",14.04,0,0,0,0,0,0,0,0.0,0.0,0.0,0.0,Null,Null,Null
2269,ZQB.TO,"04/22/2020, 13:20:00",30.09,0,0,0,0,0,0,0,0.0,0.0,0.0,0.0,Null,Null,Null
2270,ZQQ.TO,"04/22/2020, 13:20:16",63.44,0,0,0,0,0,0,0,0.0,0.0,0.0,0.0,Null,Null,Null
2271,ZRE.TO,"04/22/2020, 13:20:33",18.66,0,0,0,0,0,0,0,0.0,0.0,0.0,0.0,Null,Null,Null
2272,ZRR.TO,"04/22/2020, 13:20:50",17.49,0,0,0,0,0,0,0,0.0,0.0,0.0,0.0,Null,Null,Null
2273,ZSB.TO,"04/22/2020, 13:21:06",50.99,0,0,0,0,0,0,0,0.0,0.0,0.0,0.0,Null,Null,Null
2274,ZSML.TO,"04/22/2020, 13:21:22",21.94,0,0,0,0,0,0,0,0.0,0.0,0.0,0.0,Null,Null,Null
2275,ZSP.TO,"04/22/2020, 13:21:39",43.47,0,0,0,0,0,0,0,0.0,0.0,0.0,0.0,Null,Null,Null
2276,ZSP-U.TO,"04/22/2020, 13:21:55",30.74,0,0,0,0,0,0,0,0.0,0.0,0.0,0.0,Null,Null,Null
2277,ZST.TO,"04/22/2020, 13:22:11",50.65,0,0,0,0,0,0,0,0.0,0.0,0.0,0.0,Null,Null,Null
2278,ZST-L.TO,"04/22/2020, 13:22:28",53.02,0,0,0,0,0,0,0,0.0,0.0,0.0,0.0,Null,Null,Null
2279,ZSU.TO,"04/22/2020, 13:22:44",14.62,0,0,0,0,0,0,0,0.0,0.0,0.0,0.0,Null,Null,Null
2280,ZUB.TO,"04/22/2020, 13:22:59",17.34,0,0,0,0,0,0,0,0.0,0.0,0.0,0.0,Null,Null,Null
2281,ZUD.TO,"04/22/2020, 13:23:17",19.26,0,0,0,0,0,0,0,0.0,0.0,0.0,0.0,Null,Null,Null
2282,ZUE.TO,"04/22/2020, 13:23:33",40.76,0,0,0,0,0,0,0,0.0,0.0,0.0,0.0,Null,Null,Null
2283,ZUH.TO,"04/22/2020, 13:23:49",58.0,0,0,0,0,0,0,0,0.0,0.0,0.0,0.0,Null,Null,Null
2284,ZUP.TO,"04/22/2020, 13:24:05",24.1,0,0,0,0,0,0,0,0.0,0.0,0.0,0.0,Null,Null,Null
2285,ZUP-U.TO,"04/22/2020, 13:24:22",22.17,0,0,0,0,0,0,0,0.0,0.0,0.0,0.0,Null,Null,Null
2286,ZUQ.TO,"04/22/2020, 13:24:40",41.78,0,0,0,0,0,0,0,0.0,0.0,0.0,0.0,Null,Null,Null
2287,ZUS-U.TO,"04/22/2020, 13:24:57",49.54,0,0,0,0,0,0,0,0.0,0.0,0.0,0.0,Null,Null,Null
2288,ZUS-V.TO,"04/22/2020, 13:25:13",51.04,0,0,0,0,0,0,0,0.0,0.0,0.0,0.0,Null,Null,Null
2289,ZUT.TO,"04/22/2020, 13:25:31",19.72,0,0,0,0,0,0,0,0.0,0.0,0.0,0.0,Null,Null,Null
2290,ZVC.TO,"04/22/2020, 13:25:48",15.0,0,0,0,0,0,0,0,0.0,0.0,0.0,0.0,Null,Null,Null
2291,ZVI.TO,"04/22/2020, 13:26:05",15.52,0,0,0,0,0,0,0,0.0,0.0,0.0,0.0,Null,Null,Null
2292,ZVU.TO,"04/22/2020, 13:26:22",19.59,0,0,0,0,0,0,0,0.0,0.0,0.0,0.0,Null,Null,Null
2293,ZWA.TO,"04/22/2020, 13:26:39",19.43,0,0,0,0,0,0,0,0.0,0.0,0.0,0.0,Null,Null,Null
2294,ZWB.TO,"04/22/2020, 13:26:56",13.57,0,0,0,0,0,0,0,0.0,0.0,0.0,0.0,Null,Null,Null
2295,ZWC.TO,"04/22/2020, 13:27:13",14.14,0,0,0,0,0,0,0,0.0,0.0,0.0,0.0,Null,Null,Null
2296,ZWE.TO,"04/22/2020, 13:27:31",16.17,0,0,0,0,0,0,0,0.0,0.0,0.0,0.0,Null,Null,Null
2297,ZWG.TO,"04/22/2020, 13:27:46",27.03,0,0,0,0,0,0,0,0.0,0.0,0.0,0.0,Null,Null,Null
2298,ZWH.TO,"04/22/2020, 13:28:04",17.63,0,0,0,0,0,0,0,0.0,0.0,0.0,0.0,Null,Null,Null
2299,ZWH-U.TO,"04/22/2020, 13:28:19",16.82,0,0,0,0,0,0,0,0.0,0.0,0.0,0.0,Null,Null,Null
2300,ZWK.TO,"04/22/2020, 13:29:03",20.35,0,0,0,0,0,0,0,0.0,0.0,0.0,0.0,Null,Null,Null
2301,ZWP.TO,"04/22/2020, 13:29:18",14.89,0,0,0,0,0,0,0,0.0,0.0,0.0,0.0,Null,Null,Null
2302,ZWS.TO,"04/22/2020, 13:29:35",15.38,0,0,0,0,0,0,0,0.0,0.0,0.0,0.0,Null,Null,Null
2303,ZWU.TO,"04/22/2020, 13:29:52",11.68,0,0,0,0,0,0,0,0.0,0.0,0.0,0.0,Null,Null,Null
2304,ZXM.TO,"04/22/2020, 13:30:08",26.33,0,0,0,0,0,0,0,0.0,0.0,0.0,0.0,Null,Null,Null
2305,ZXM-B.TO,"04/22/2020, 13:30:24",28.88,0,0,0,0,0,0,0,0.0,0.0,0.0,0.0,Null,Null,Null
2306,ZZZ.TO,"04/22/2020, 13:30:40",11.11,36640000.0,407090000.0,862350000.0,133910000.0,0.0,0.0,0.0,44040.0,611542.0,712372.0,132060.0,2019-12-31,2019-12-31,2019-12-31
2307,ZZZD.TO,"04/22/2020, 13:30:56",28.89,0,0,0,0,0,0,0,0.0,0.0,0.0,0.0,Null,Null,Null
