,Ticker,Date,Price,Shares Outstanding,Market Cap,EV,EBITDA,EV/EBITDA,D/E,BV/Share,Total Cash,Total Liabilities,Total Revenue,Operating Cash Flow,BS Recent Date,CF Recent Date,IS Recent Date
0,A.V,"04/19/2020, 23:49:01",0.4,44320000.0,17730000.0,17350000.0,0,0,0.0,0.0,701.0,92.0,0.0,-89.0,2019-03-31,2019-03-31,2019-03-31
1,AAG.V,"04/19/2020, 23:49:21",0.205,77310000.0,15850000.0,14710000.0,0,0,0.0,0.0,43.0,650.0,0.0,-278.0,2019-05-31,2019-05-31,2019-05-31
2,AAL.V,"04/19/2020, 23:49:42",0.27,162810000.0,43960000.0,42290000.0,-1780000.0,0.0,0,0.0,1498.0,574.0,0.0,-4964.0,2019-07-31,2019-07-31,2019-07-31
3,AAN.V,"04/19/2020, 23:50:02",0.03,332980000.0,9990000.0,9820000.0,-2990000.0,0.0,0,0.0,87.0,938.0,0.0,-4303.0,2018-12-31,2018-12-31,2018-12-31
4,AAP-H.V,"04/19/2020, 23:50:24",0.005,72080000.0,0.0,0.0,-2140000.0,0.0,0,0.0,1189.0,3959.0,504.0,-3342.0,2018-12-31,2018-12-31,2018-12-31
5,AAT.V,"04/19/2020, 23:50:44",0.02,50210000.0,1000000.0,4630000.0,0.0,0.0,0,0.0,0.0,5782.0,2703.0,-660.0,2018-12-31,2018-12-31,2018-12-31
6,AAX.V,"04/19/2020, 23:51:05",0.07,35290000.0,2470000.0,2470000.0,0,0,0.0,0.0,17.0,492.0,0.0,-225.0,2019-05-31,2019-05-31,2019-05-31
7,AAZ.V,"04/19/2020, 23:51:25",0.045,151920000.0,6840000.0,5680000.0,0,0,0,0.0,1515.0,70.0,0.0,-2235.0,2019-09-30,2019-09-30,2019-09-30
8,AB-H.V,"04/19/2020, 23:51:45",0.35,2840000.0,0.0,24590000.0,0.0,0.0,0,0.0,1509.0,50628.0,1304.0,-1074.0,2018-12-31,2018-12-31,2018-12-31
9,ABI.V,"04/19/2020, 23:52:06",0.06,307310000.0,18440000.0,14780000.0,3010000.0,0.0,0,0.0,2796.0,11402.0,25668.0,4241.0,2019-06-30,2019-06-30,2019-06-30
10,ABN.V,"04/19/2020, 23:52:26",0.07,117420000.0,8220000.000000001,6800000.0,-1100000.0,0.0,0,0.0,2088.0,511.0,0.0,-1530.0,2019-09-30,2019-09-30,2019-09-30
11,ABR.V,"04/19/2020, 23:52:46",0.6,47570000.0,28540000.0,27550000.0,0,0,0,0.0,1010.0,20.0,0.0,-195.0,2019-10-31,2019-10-31,2019-10-31
12,ABRA.V,"04/19/2020, 23:53:06",0.09,249460000.0,22450000.0,10890000.0,0.0,0.0,0,0.0,11.0,951.0,0.0,-2332.0,2018-12-31,2018-12-31,Null
13,ABZ.V,"04/19/2020, 23:53:26",0.295,42090000.0,12420000.0,12170000.0,0,0,0,0.0,75.0,144.0,0.0,-490.0,2019-09-30,2019-09-30,2019-09-30
14,ACC-P.V,"04/19/2020, 23:53:46",0.2,12000000.0,2400000.0,0.0,0,0,0,0.0,875.0,68.0,0.0,-52.0,2019-12-31,2019-12-31,2019-12-31
15,ACE-H.V,"04/19/2020, 23:54:08",0.17,32479999.999999996,5520000.0,-1220000.0,0,0,0,0.0,0.0,0.0,0.0,909.0,Null,ttm,ttm
16,ACES.V,"04/19/2020, 23:54:28",1.25,68330000.0,85420000.0,172710000.0,26080000.0,0.0,0,0.0,4717.0,66542.0,51488.0,8230.0,2018-02-28,2018-02-28,2018-02-28
17,ACP.V,"04/19/2020, 23:54:48",0.045,20270000.0,0.0,0.0,0,0,0,0.0,51.0,367.0,0.0,-101.0,2019-01-31,2019-01-31,2019-01-31
18,ACS.V,"04/19/2020, 23:55:08",0.1,54420000.0,5440000.0,13440000.0,0,0,0.0,0.0,0.0,66555.0,732.0,330.0,2019-05-31,2019-05-31,2019-05-31
19,ACST.V,"04/19/2020, 23:55:29",0.89,90210000.0,80290000.0,56540000.0,-36150000.0,0.0,0,0.0,34386.0,34509.0,0.0,-32476.0,2019-03-31,2019-03-31,2019-03-31
20,ACU.V,"04/19/2020, 23:55:49",0.085,107200000.0,9110000.0,6650000.0,0.0,0.0,0.0,0.0,1016.0,227.0,438.0,-1514.0,2019-03-31,2019-03-31,2019-03-31
21,ADCO.V,"04/19/2020, 23:56:09",0.59,55360000.0,32659999.999999996,29290000.0,3490000.0,0.0,0.0,0.0,3710.0,2174.0,11301.0,3028.0,2019-12-31,2019-12-31,2019-12-31
22,ADD.V,"04/19/2020, 23:56:31",0.04,43730000.0,1750000.0,1240000.0,-1790000.0,0.0,0.0,0.0,17.0,765.0,0.0,-1431.0,2018-12-31,2018-12-31,2018-12-31
23,ADE.V,"04/19/2020, 23:56:51",0.005,677210000.0,3390000.0,5850000.0,0.0,0.0,0,0.0,76.0,2613.0,0.0,-764.0,2018-12-31,2018-12-31,2018-12-31
24,ADG.V,"04/19/2020, 23:57:12",0.01,61880000.0,0.0,0.0,0,0,0,0.0,28.0,6.0,0.0,-99.0,2019-07-31,2019-07-31,2019-07-31
25,ADK.V,"04/19/2020, 23:57:32",0.195,61370000.0,11970000.0,8790000.0,-2170000.0,0.0,0,0.0,693.0,6290.0,326.0,-2320.0,2019-03-31,2019-03-31,2019-03-31
26,ADZ.V,"04/19/2020, 23:57:53",0.03,150310000.0,4510000.0,4720000.0,0.0,0.0,0.0,0.0,138.0,348.0,0.0,-524.0,2018-12-31,2018-12-31,2018-12-31
27,ADZN.V,"04/19/2020, 23:58:14",0.58,100470000.0,58270000.0,40280000.0,-3950000.0,0.0,0,0.0,6770.0,1665.0,0.0,-1636.0,2018-12-31,2018-12-31,2018-12-31
28,AEC.V,"04/19/2020, 23:58:35",0.13,82870000.0,10770000.0,9410000.0,-2130000.0,0.0,0,0.0,52.0,23844.0,0.0,-3002.0,2018-12-31,2018-12-31,2018-12-31
29,AEP.V,"04/19/2020, 23:58:56",0.235,57710000.0,13560000.0,22430000.0,0.0,0.0,0.0,0.0,1594.0,17922.0,13353.0,1301.0,2018-12-31,2018-12-31,2018-12-31
30,AEX.V,"04/19/2020, 23:59:16",0,70950000.0,41150000.0,39630000.0,-4920000.0,0.0,0,0.0,1515.0,645.0,0.0,-4158.0,2019-12-31,2019-12-31,2019-12-31
31,AFCC.V,"04/19/2020, 23:59:41",1.19,23120000.0,27520000.0,-22080000.0,0,0,0.0,0.0,2173.0,27813.0,8015.0,5131.0,2018-12-31,2018-12-31,2018-12-31
32,AFE.V,"04/20/2020, 00:00:01",0.195,789310000.0,153910000.0,151570000.0,-4720000.0,0.0,0.0,0.0,2408.0,464.0,0.0,-2753.0,2019-12-31,2019-12-31,2019-12-31
33,AFF.V,"04/20/2020, 00:00:22",0.18,33750000.0,6080000.0,5530000.0,0,0,0.0,0.0,36.0,95.0,0.0,-184.0,2019-06-30,2019-06-30,2019-06-30
34,AFM.V,"04/20/2020, 00:00:42",0.15,866030000.0,129910000.0,249880000.0,-7130000.0,0.0,0.0,0.0,17105.0,100336.0,0.0,-5188.0,2018-12-31,2018-12-31,2018-12-31
35,AGC.V,"04/20/2020, 00:01:02",0.16,191400000.0,30620000.0,22990000.0,0,0,0,0.0,7635.0,2664.0,0.0,-3646.0,2019-12-31,2019-12-31,2019-12-31
36,AGD.V,"04/20/2020, 00:01:22",0.025,949400000.0,23730000.0,129210000.00000001,-4130000.0,0.0,0.0,0.0,3123.0,98033.0,0.0,-3396.0,2018-12-31,2018-12-31,2018-12-31
37,AGG.V,"04/20/2020, 00:01:42",0.19,88620000.0,16840000.0,12490000.0,-2760000.0,0.0,0,0.0,31.0,1549.0,0.0,-1077.0,2018-12-31,2018-12-31,2018-12-31
38,AGL.V,"04/20/2020, 00:02:02",0.15,3240000.0,0.0,0.0,0,0,0,0.0,11.0,370.0,0.0,-82.0,2019-04-30,2019-04-30,2019-04-30
39,AGLD.V,"04/20/2020, 00:02:24",0.13,559390000.0,78680000.0,80680000.0,33130000.000000004,0.0,0.0,0.0,13516.0,70562.0,145888.0,0.0,2019-12-31,2019-12-31,2019-12-31
40,AGO.V,"04/20/2020, 00:02:44",0.025,80730000.0,2020000.0,2060000.0,0,0,0,0.0,15.0,872.0,0.0,-106.0,2018-12-31,2018-12-31,2018-12-31
41,AHE-H.V,"04/20/2020, 00:03:05",0.18,3850000.0,0.0,0.0,0.0,0.0,0,0.0,97.0,49.0,0.0,-253.0,2019-06-30,2019-06-30,2019-06-30
42,AHP.V,"04/20/2020, 00:03:25",0.2,106330000.0,21270000.0,21210000.0,2660000.0,0.0,0,0.0,583.0,18559.0,14614.0,797.0,2018-12-31,2018-12-31,2018-12-31
43,AHR.V,"04/20/2020, 00:03:45",0.04,170600000.0,6820000.0,7360000.0,0,0,0,0.0,318.0,1342.0,0.0,-2999.0,2019-03-31,2019-03-31,2019-03-31
44,AHU.V,"04/20/2020, 00:04:06",0.035,18180000.0,0.0,0.0,0.0,0.0,0,0.0,31.0,118.0,0.0,-135.0,2019-06-30,2019-06-30,2019-06-30
45,AIII-P.V,"04/20/2020, 00:04:26",0.035,8600000.0,0.0,0.0,0,0,0,0.0,531.0,17.0,0.0,-72.0,2018-12-31,2018-12-31,2018-12-31
46,AIMD-P.V,"04/20/2020, 00:04:46",0.075,10650000.0,0.0,0.0,0,0,0,0.0,0.0,0.0,0.0,0.0,Null,ttm,ttm
47,AIML.V,"04/20/2020, 00:05:06",0.185,11100000.0,2049999.9999999998,1920000.0,0,0,0,0.0,21.0,2091.0,0.0,-7.0,2019-04-30,2019-04-30,2019-04-30
48,AIS.V,"04/20/2020, 00:05:26",0.03,83430000.0,2500000.0,3030000.0,-1430000.0,0.0,0.0,0.0,73.0,1122.0,6.0,-1142.0,2018-12-31,2018-12-31,2018-12-31
49,AKH-H.V,"04/20/2020, 00:05:47",0.02,38370000.0,0.0,0.0,0,0,0,0.0,26.0,49.0,0.0,-95.0,2018-12-31,2018-12-31,2018-12-31
50,AKR.V,"04/20/2020, 00:06:07",0.135,76560000.0,10340000.0,13450000.0,0.0,0.0,0.0,0.0,31.0,820.0,4435.0,303.0,2018-12-31,2018-12-31,2018-12-31
51,AL.V,"04/20/2020, 00:06:28",0.04,128789999.99999999,5150000.0,2500000.0,0.0,0.0,0.0,0.0,2081.0,60.0,0.0,-700.0,2018-12-31,2018-12-31,2018-12-31
52,ALDE.V,"04/20/2020, 00:06:48",0.255,77640000.0,19800000.0,16399999.999999998,-1830000.0,0.0,0,0.0,5163.0,425.0,0.0,-326.0,2019-06-30,2019-06-30,2019-06-30
53,ALG.V,"04/20/2020, 00:07:08",0.06,27830000.0,1670000.0,10070000.0,-6330000.0,0.0,0,0.0,1775.0,10143.0,0.0,-10484.0,2018-12-31,2018-12-31,2018-12-31
54,ALLI.V,"04/20/2020, 00:07:28",0.405,42240000.0,17110000.0,7920000.0,0.0,0.0,0.0,0.0,0.0,393.0,0.0,-242.0,2019-10-31,2019-10-31,2019-10-31
55,ALM.V,"04/20/2020, 00:07:49",0.005,72110000.0,0.0,0.0,0,0,0,0.0,5.0,1266.0,0.0,-46.0,2018-12-31,2018-12-31,2018-12-31
56,ALT.V,"04/20/2020, 00:08:09",0.005,144880000.0,0.0,0.0,0.0,0.0,0,0.0,37.0,1899.0,0.0,-145.0,2018-12-31,2018-12-31,2018-12-31
57,ALTA.V,"04/20/2020, 00:08:30",0.05,99000000.0,4950000.0,3460000.0,-1120000.0,0.0,0,0.0,123.0,323.0,0.0,-931.0,2019-02-28,2019-02-28,2019-02-28
58,ALTS.V,"04/20/2020, 00:08:49",0.465,70090000.0,41520000.0,16540000.0,0,0,0.0,0.0,724.0,501.0,0.0,-1787.0,2018-12-31,2018-12-31,2018-12-31
59,ALV.V,"04/20/2020, 00:09:10",0.62,98300000.0,60950000.0,64950000.0,-3070000.0,0.0,0.0,0.0,1215.0,15542.0,240.0,-2543.0,2019-12-31,2019-12-31,2019-12-31
60,ALY.V,"04/20/2020, 00:09:31",0.29,77030000.0,22340000.0,20650000.0,-2310000.0,0.0,0,0.0,1052.0,663.0,4838.0,-1355.0,2018-12-31,2018-12-31,2018-12-31
61,AM.V,"04/20/2020, 00:09:51",0.145,17800000.0,2580000.0,3350000.0,0,0,0,0.0,624.0,272.0,0.0,-82.0,2019-03-31,2019-03-31,2019-03-31
62,AMC.V,"04/20/2020, 00:10:11",0.46,54600000.0,25110000.0,20460000.0,0,0,0,0.0,858.0,16.0,0.0,-62.0,2018-12-31,2018-12-31,2018-12-31
63,AME.V,"04/20/2020, 00:10:33",0.065,62660000.0,4070000.0000000005,20390000.0,0.0,0.0,0,0.0,202.0,16008.0,0.0,-1416.0,2018-12-31,2018-12-31,2018-12-31
64,AMH.V,"04/20/2020, 00:10:53",0.125,42830000.0,5350000.0,7620000.0,0,0,0,0.0,141.0,2795.0,6758.0,-3503.0,2019-06-30,2019-06-30,2019-06-30
65,AMI.V,"04/20/2020, 00:11:14",0.17,44840000.0,7620000.0,5840000.0,-2400000.0,0.0,0.0,0.0,5079.0,5599.0,5132.0,820.0,2018-12-31,2018-12-31,2018-12-31
66,AMK.V,"04/20/2020, 00:11:35",0.06,342670000.0,20560000.0,17830000.0,0.0,0.0,0,0.0,67.0,815.0,0.0,-439.0,2018-12-31,2018-12-31,2018-12-31
67,AMO-H.V,"04/20/2020, 00:11:56",0.015,139460000.0,2089999.9999999998,1950000.0,0,0,0,0.0,3.0,911.0,0.0,-26.0,2018-12-31,2018-12-31,2018-12-31
68,AMR.V,"04/20/2020, 00:12:17",0.04,61600000.0,2460000.0,3700000.0,-1310000.0,0.0,0.0,0.0,785.0,1383.0,2339.0,-1837.0,2018-12-31,2018-12-31,2018-12-31
69,AMX.V,"04/20/2020, 00:12:37",1.38,66410000.0,91640000.0,79030000.0,-4270000.0,0.0,0,0.0,12606.0,3249.0,0.0,-1094.0,2019-12-31,2019-12-31,2019-12-31
70,AMY.V,"04/20/2020, 00:12:57",0.14,180590000.0,25280000.0,24620000.0,0,0,0,0.0,487.0,45.0,0.0,-2294.0,2019-07-31,2019-07-31,2019-07-31
71,AMZ.V,"04/20/2020, 00:13:17",0.095,73830000.0,7010000.0,-2720000.0,-1370000.0,0.0,0,0.0,14470.0,615.0,370.0,-739.0,2018-12-31,2018-12-31,2018-12-31
72,AN.V,"04/20/2020, 00:13:37",0.025,142620000.0,3570000.0,2760000.0,0,0,0,0.0,2294.0,306.0,0.0,-349.0,2018-12-31,2018-12-31,2018-12-31
73,ANE.V,"04/20/2020, 00:14:00",0.01,69660000.0,0.0,0.0,0,0,0,0.0,42.0,1124.0,0.0,-58.0,2018-12-31,2018-12-31,2018-12-31
74,ANG.V,"04/20/2020, 00:14:20",0.015,52670000.0,0.0,1060000.0,0.0,0.0,0.0,0.0,5.0,684.0,0.0,-45.0,2018-12-31,2018-12-31,2018-12-31
75,ANK.V,"04/20/2020, 00:14:41",0.065,105980000.0,6890000.0,6980000.0,-1060000.0,0.0,0.0,0.0,365.0,2543.0,0.0,-1134.0,2019-07-31,2019-07-31,2019-07-31
76,ANL-H.V,"04/20/2020, 00:15:01",0.01,24630000.0,0.0,0.0,0,0,0,0.0,1.0,1124.0,0.0,-42.0,2019-02-28,2019-02-28,2019-02-28
77,ANTL.V,"04/20/2020, 00:15:22",0.08,57190000.0,4580000.0,3410000.0,0.0,0.0,0,0.0,606.0,62.0,0.0,-393.0,2018-12-31,2018-12-31,2018-12-31
78,ANZ.V,"04/20/2020, 00:15:43",0.065,104440000.0,6790000.0,6780000.0,0.0,0.0,0,0.0,322.0,693.0,0.0,-770.0,2019-09-30,2019-09-30,2019-09-30
79,AORO.V,"04/20/2020, 00:16:04",0.03,48990000.0,1470000.0,1580000.0,0.0,0.0,0.0,0.0,404.0,532.0,0.0,-57.0,2018-12-31,2018-12-31,2018-12-31
80,APC.V,"04/20/2020, 00:16:25",0.045,21000000.0,0.0,0.0,0.0,0.0,0,0.0,131.0,1081.0,0.0,-685.0,2019-07-31,2019-07-31,2019-07-31
81,APHE-P.V,"04/20/2020, 00:16:45",0.155,4000000.0,0.0,0.0,0,0,0,0,0.0,0.0,0.0,0.0,Null,ttm,ttm
82,APL.V,"04/20/2020, 00:17:05",0.095,13870000.0,1320000.0,3930000.0,1070000.0,0.0,0.0,0.0,13.0,4061.0,9749.0,-248.0,2018-12-31,2018-12-31,2018-12-31
83,APLI.V,"04/20/2020, 00:17:27",1.1,46400000.0,51040000.0,49610000.0,-6330000.0,0.0,0.0,0.0,5452.0,2415.0,0.0,-3457.0,2019-03-31,2019-03-31,2019-03-31
84,APN.V,"04/20/2020, 00:17:47",0.075,76220000.0,5720000.0,5040000.0,0,0,0,0.0,48.0,559.0,0.0,-787.0,2018-12-31,2018-12-31,2018-12-31
85,APX.V,"04/20/2020, 00:18:07",0.07,14680000.0,1030000.0,0.0,0,0,0,0.0,435.0,91.0,0.0,-411.0,2018-12-31,2018-12-31,2018-12-31
86,AQS.V,"04/20/2020, 00:18:27",0.1,80440000.0,8039999.999999999,9030000.0,-2450000.0,0.0,0.0,0.0,369.0,314.0,1410.0,-2574.0,2018-12-31,2018-12-31,2018-12-31
87,AQS-DB.V,"04/20/2020, 00:18:47",50.0,0,0,0.0,0,0,0,0,0.0,0.0,0.0,0.0,Null,ttm,ttm
88,AQS-WT.V,"04/20/2020, 00:19:06",0.005,0,0,0.0,0,0,0,0,0.0,0.0,0.0,0.0,Null,ttm,ttm
89,AQUA.V,"04/20/2020, 00:19:26",0.01,90650000.0,0.0,12560000.0,-14220000.0,0.0,0,0.0,781.0,38303.0,20077.0,-11945.0,2018-12-31,2018-12-31,2018-12-31
90,ARCH.V,"04/20/2020, 00:19:46",0.91,59880000.0,54490000.0,57340000.0,0,0,0,0.0,400.0,3470.0,93.0,0.0,2019-09-30,2019-09-30,2019-09-30
91,ARD.V,"04/20/2020, 00:20:06",0.065,17670000.0,1150000.0,0.0,0.0,0.0,0.0,0.0,397.0,377.0,2885.0,113.0,2019-05-31,2019-05-31,2019-05-31
92,ARH.V,"04/20/2020, 00:20:26",0.02,34470000.0,0.0,1100000.0,0.0,0.0,0,0.0,18.0,3647.0,93.0,172.0,2019-11-30,2019-11-30,2019-11-30
93,ARIC.V,"04/20/2020, 00:20:47",0.06,79450000.0,4780000.0,3390000.0,0.0,0.0,0.0,0.0,328.0,244.0,0.0,-944.0,2018-12-31,2018-12-31,2018-12-31
94,ARS.V,"04/20/2020, 00:21:07",0.075,55620000.0,4170000.0,3080000.0,0,0,0.0,0.0,0.0,807.0,0.0,-243.0,2019-09-30,2019-09-30,2019-09-30
95,ART.V,"04/20/2020, 00:21:27",0.09,78510000.0,7070000.0,7460000.0,-3870000.0,0.0,0,0.0,213.0,2435.0,3281.0,-3066.0,2019-12-31,2019-12-31,2019-12-31
96,ARTG.V,"04/20/2020, 00:21:47",1.12,62650000.0,70170000.0,23120000.0,-1570000.0,0.0,0.0,0.0,31807.0,2147.0,0.0,-784.0,2019-12-31,2019-12-31,2019-12-31
97,ARU.V,"04/20/2020, 00:22:07",2.13,40460000.0,86170000.0,75830000.0,-11260000.0,0.0,0.0,0.0,817.0,3882.0,0.0,-8011.0,2018-12-31,2018-12-31,2018-12-31
98,ASG.V,"04/20/2020, 00:22:28",0.15,55410000.0,8310000.000000001,9060000.0,0.0,0.0,0.0,0.0,856.0,3885.0,8682.0,435.0,2018-12-31,2018-12-31,2018-12-31
99,ASI.V,"04/20/2020, 00:22:48",0.02,44400000.0,0.0,0.0,0,0,0,0.0,5.0,210.0,0.0,-229.0,2019-02-28,2019-02-28,2019-02-28
100,ASL.V,"04/20/2020, 00:23:08",0.215,48280000.0,10380000.0,8890000.0,0,0,0,0.0,45.0,88.0,0.0,-263.0,2019-06-30,2019-06-30,2019-06-30
101,ASN.V,"04/20/2020, 00:23:28",0.25,22080000.0,5520000.0,4960000.0,0,0,0.0,0.0,126.0,515.0,0.0,-1438.0,2018-12-31,2018-12-31,2018-12-31
102,ASQ.V,"04/20/2020, 00:23:48",0.11,0,2290000.0,0.0,0,0,0,0,12.0,418.0,0.0,-51.0,2019-09-30,2019-09-30,2019-09-30
103,AST.V,"04/20/2020, 00:24:10",0.05,82300000.0,4120000.0,0.0,-1460000.0,0.0,0.0,0.0,1321.0,325.0,1276.0,-1411.0,2019-09-30,2019-09-30,2019-09-30
104,ATC.V,"04/20/2020, 00:24:31",0.185,158040000.0,29240000.0,19340000.0,-1270000.0,0.0,0,0.0,9899.0,17160.0,0.0,-667.0,2019-12-31,2019-12-31,2019-12-31
105,ATE.V,"04/20/2020, 00:24:52",0.74,281280000.0,208150000.0,203950000.0,-15410000.0,0.0,0.0,0.0,6018.0,7378.0,9539.0,-7056.0,2019-03-31,2019-03-31,2019-03-31
106,ATI.V,"04/20/2020, 00:25:12",0.045,56030000.0,2520000.0,-1250000.0,0.0,0.0,0,0.0,3773.0,330.0,133.0,-74.0,2019-12-31,2019-12-31,2019-12-31
107,ATU.V,"04/20/2020, 00:25:32",0.21,108920000.0,22870000.0,22970000.0,13170000.0,0.0,0.0,0.0,142.0,10197.0,25757.0,12994.0,2019-12-31,2019-12-31,2019-12-31
108,ATV.V,"04/20/2020, 00:25:52",0.025,56370000.0,1410000.0,0.0,0,0,0,0.0,1092.0,115.0,0.0,-583.0,2019-06-30,2019-06-30,2019-06-30
109,ATW.V,"04/20/2020, 00:26:13",0.02,100510000.0,2009999.9999999998,4250000.0,-1840000.0,0.0,0.0,0.0,61.0,5173.0,11985.0,-565.0,2018-12-31,2018-12-31,2018-12-31
110,ATX.V,"04/20/2020, 00:26:33",0.135,19580000.0,2640000.0,2570000.0,0.0,0.0,0,0.0,313.0,64.0,0.0,-412.0,2019-09-30,2019-09-30,2019-09-30
111,ATY.V,"04/20/2020, 00:26:54",0.32,119020000.0,38090000.0,49270000.0,21700000.0,0.0,0.0,0.0,7162.0,36090.0,61436.0,17782.0,2019-12-31,2019-12-31,2019-12-31
112,AU.V,"04/20/2020, 00:27:14",0.95,83270000.0,79110000.0,59030000.0,-3280000.0,0.0,0.0,0.0,10298.0,862.0,0.0,-1781.0,2018-12-31,2018-12-31,2018-12-31
113,AUAU.V,"04/20/2020, 00:27:35",0.175,61840000.0,10820000.0,11440000.0,0.0,0.0,0.0,0.0,1054.0,1372.0,0.0,-1186.0,2019-09-30,2019-09-30,2019-09-30
114,AUEN.V,"04/20/2020, 00:27:55",0.35,9300000.0,2600000.0,0.0,0.0,0.0,0,0.0,1220.0,126.0,0.0,-227.0,2018-12-31,2018-12-31,2018-12-31
115,AUL.V,"04/20/2020, 00:28:16",0.025,151310000.0,3780000.0,3090000.0,0,0,0.0,0.0,1124.0,539.0,0.0,-2768.0,2019-03-31,2019-03-31,2019-03-31
116,AUM-H.V,"04/20/2020, 00:28:36",0.005,60320000.0,0.0,0.0,0,0,0,0.0,212.0,3903.0,0.0,-569.0,2019-09-30,2019-09-30,2019-09-30
117,AUMB.V,"04/20/2020, 00:28:56",0.365,37980000.0,13860000.0,5540000.0,-7540000.0,0.0,0,0.0,8971.0,3956.0,17993.0,-10250.0,2018-12-31,2018-12-31,2018-12-31
118,AUN.V,"04/20/2020, 00:29:16",0.29,178740000.0,54520000.0,38040000.0,-4420000.0,0.0,0,0.0,4464.0,3021.0,0.0,-4813.0,2018-12-31,2018-12-31,2018-12-31
119,AUR-H.V,"04/20/2020, 00:29:36",0.015,40490000.0,0.0,0.0,0,0,0,0.0,237.0,13.0,0.0,-61.0,2019-11-30,2019-11-30,2019-11-30
120,AURX.V,"04/20/2020, 00:29:56",0.065,23940000.0,1560000.0,1550000.0,1190000.0,0.0,0,0.0,1.0,320.0,0.0,-396.0,2018-12-31,2018-12-31,2018-12-31
121,AUU.V,"04/20/2020, 00:30:17",0.035,32860000.0,1480000.0,1100000.0,0,0,0,0.0,21.0,315.0,0.0,-176.0,2018-12-31,2018-12-31,2018-12-31
122,AUX.V,"04/20/2020, 00:30:37",0.03,57150000.0,1710000.0,1560000.0,0,0,0,0.0,370.0,76.0,0.0,-379.0,2018-12-31,2018-12-31,2018-12-31
123,AVCR.V,"04/20/2020, 00:30:57",0.025,52470000.0,1310000.0,1250000.0,-2060000.0,0.0,0,0.0,84.0,314.0,226.0,-1725.0,2018-12-31,2018-12-31,2018-12-31
124,AVG.V,"04/20/2020, 00:31:17",0.05,92930000.0,4650000.0,3250000.0,-2440000.0,0.0,0.0,0.0,754.0,894.0,0.0,-2448.0,2019-06-30,2019-06-30,2019-06-30
125,AVN.V,"04/20/2020, 00:31:38",0.2,5530000.0,1110000.0,0.0,0.0,0.0,0,0.0,439.0,26.0,0.0,-653.0,2019-12-31,2019-12-31,2019-12-31
126,AVU.V,"04/20/2020, 00:31:57",0.015,110430000.0,1660000.0,1660000.0,0,0,0.0,0.0,106.0,827.0,0.0,-1499.0,2018-12-31,2018-12-31,2018-12-31
127,AVX.V,"04/20/2020, 00:32:17",0.01,19710000.0,0.0,0.0,0.0,0.0,0,0.0,25.0,1258.0,0.0,-474.0,2019-03-31,2019-03-31,2019-03-31
128,AWE.V,"04/20/2020, 00:32:37",0.07,61210000.0,4280000.0,4050000.0,0,0,0.0,0.0,224.0,119.0,0.0,-541.0,2017-11-30,2017-11-30,2017-11-30
129,AWI.V,"04/20/2020, 00:32:57",0.94,11940000.0,12890000.0,-3360000.0,-1440000.0,0.0,0.0,0.0,15776.0,3544.0,9159.0,3798.0,2018-12-31,2018-12-31,2018-12-31
130,AWX.V,"04/20/2020, 00:33:16",0.05,62690000.0,3130000.0,2060000.0,0,0,0,0.0,1422.0,57.0,0.0,-828.0,2018-12-31,2018-12-31,2018-12-31
131,AXE.V,"04/20/2020, 00:33:37",0.05,104610000.0,5230000.0,1090000.0,1540000.0,0.0,0.0,0.0,3225.0,4014.0,4317.0,1402.0,2018-12-31,2018-12-31,2018-12-31
132,AXIS.V,"04/20/2020, 00:33:58",0.17,96300000.0,16370000.000000002,130520000.00000001,0,0,0.0,0.0,3882.0,118077.0,31922.0,-4885.0,2019-06-30,2019-06-30,2019-06-30
133,AXL.V,"04/20/2020, 00:34:19",0.03,68670000.0,2060000.0,7020000.0,4010000.0,0.0,0.0,0.0,1994.0,26414.0,6803.0,2855.0,2018-12-31,2018-12-31,2018-12-31
134,AXM.V,"04/20/2020, 00:34:38",0.2,134240000.0,26850000.0,25530000.0,0,0,0,0.0,1059.0,444.0,1483.0,-68.0,2018-12-31,2018-12-31,2018-12-31
135,AXV.V,"04/20/2020, 00:34:59",0.195,248490000.0,48460000.0,54600000.0,-5580000.0,0.0,0,0.0,2689.0,19545.0,8915.0,-7636.0,2018-12-31,2018-12-31,2018-12-31
136,AZ.V,"04/20/2020, 00:35:18",0.46,48000000.0,22080000.0,19860000.0,0.0,0.0,0.0,0.0,337.0,10.0,0.0,-85.0,2018-12-31,2018-12-31,2018-12-31
137,AZM.V,"04/20/2020, 00:35:38",1.35,65200000.0,88020000.0,78020000.0,0.0,0.0,0.0,0.0,2979.0,3247.0,396.0,153.0,2019-08-31,2019-08-31,2019-08-31
138,AZR.V,"04/20/2020, 00:35:58",0.11,93530000.0,10290000.0,12380000.0,0,0,0.0,0.0,2599.0,5382.0,0.0,-1063.0,2019-09-30,2019-09-30,2019-09-30
139,AZS.V,"04/20/2020, 00:36:19",0.185,48300000.0,8940000.0,7620000.0,0,0,0.0,0.0,54.0,287.0,0.0,-171.0,2019-08-31,2019-08-31,2019-08-31
140,AZT.V,"04/20/2020, 00:36:38",0.1,40690000.0,4070000.0000000005,3100000.0,0.0,0.0,0,0.0,645.0,80.0,0.0,-844.0,2018-12-31,2018-12-31,2018-12-31
141,B.V,"04/20/2020, 00:36:58",0.04,38890000.0,1560000.0,1540000.0,0,0,0.0,0.0,9.0,662.0,0.0,-5.0,2019-08-31,2019-08-31,2019-08-31
142,BABY.V,"04/20/2020, 00:37:18",1.2,79550000.0,95460000.0,76540000.0,0,0,0,0.0,564.0,154.0,0.0,-12.0,2018-06-30,2018-06-30,2018-06-30
143,BAL-H.V,"04/20/2020, 00:37:38",0.03,72690000.0,2180000.0,2800000.0,0,0,0,0.0,8.0,1169.0,0.0,-97.0,2019-03-31,2019-03-31,2019-03-31
144,BANC.V,"04/20/2020, 00:38:00",0.01,115880000.0,1160000.0,1290000.0,0,0,0.0,0.0,39.0,2064.0,0.0,-1018.0,2018-12-31,2018-12-31,2018-12-31
145,BAT.V,"04/20/2020, 00:38:20",0.065,115180000.0,7490000.0,0.0,-1760000.0,0.0,0,0.0,7535.0,172.0,0.0,-1303.0,2019-08-31,2019-08-31,2019-08-31
146,BATT.V,"04/20/2020, 00:38:41",0.08,62090000.0,4970000.0,4350000.0,-1940000.0,0.0,0.0,0.0,18.0,981.0,0.0,-516.0,2019-08-31,2019-08-31,2019-08-31
147,BAU.V,"04/20/2020, 00:39:02",0.045,131900000.0,5940000.0,9260000.0,-1200000.0,0.0,0.0,0.0,94.0,4404.0,0.0,-1018.0,2019-11-30,2019-11-30,2019-11-30
148,BAV-H.V,"04/20/2020, 00:39:22",0.33,4730000.0,1560000.0,5080000.0,0,0,0,0.0,5.0,12772.0,0.0,-19.0,2018-12-31,2018-12-31,2018-12-31
149,BAY.V,"04/20/2020, 00:39:43",0.06,153970000.0,9240000.0,8039999.999999999,0,0,0,0.0,345.0,178.0,0.0,-915.0,2019-03-31,2019-03-31,2019-03-31
150,BBA-P.V,"04/20/2020, 00:40:03",0.05,15000000.0,0.0,0.0,0,0,0,0.0,741.0,13.0,0.0,-83.0,2019-12-31,2019-12-31,2019-12-31
151,BBB.V,"04/20/2020, 00:40:24",0.13,144080000.0,18730000.0,13450000.0,-7580000.0,0.0,0.0,0.0,5843.0,1234.0,0.0,-5998.0,2019-09-30,2019-09-30,2019-09-30
152,BCF.V,"04/20/2020, 00:40:43",7.23,2009999.9999999998,21240000.0,0.0,0,0,0,0,0.0,2667.0,3186.0,0.0,2018-12-31,2018-12-31,2018-12-31
153,BCK.V,"04/20/2020, 00:41:04",0.03,26080000.0,0.0,1440000.0,0.0,0.0,0.0,0.0,0.0,1015.0,0.0,-210.0,2019-11-30,2019-11-30,2019-11-30
154,BCM.V,"04/20/2020, 00:41:25",1.88,111260000.0,209180000.0,168770000.0,-15160000.0,0.0,0.0,0.0,40727.0,13204.0,0.0,23039.0,2018-12-31,2018-12-31,2018-12-31
155,BCR-H.V,"04/20/2020, 00:41:44",0.08,5080000.0,0.0,0.0,0,0,0,0.0,268.0,291.0,0.0,-6.0,2019-02-28,2019-02-28,2019-02-28
156,BCT.V,"04/20/2020, 00:42:04",12.95,0.0,9350000.0,9450000.0,-6570000.0,0.0,0,0.0,192.0,1392.0,0.0,-5095.0,2019-07-31,2019-07-31,2019-07-31
157,BCU.V,"04/20/2020, 00:42:25",0.075,76970000.0,5770000.0,5330000.0,0,0,0,0.0,75.0,2959.0,0.0,-352.0,2018-12-31,2018-12-31,2018-12-31
158,BDGC.V,"04/20/2020, 00:42:46",0.015,31550000.0,0.0,0.0,-1760000.0,0.0,0.0,0.0,68.0,761.0,0.0,-589.0,2019-08-31,2019-08-31,2019-08-31
159,BEA.V,"04/20/2020, 00:43:06",0.04,15930000.0,0.0,0.0,0.0,0.0,0.0,0.0,54.0,212.0,0.0,-796.0,2019-01-31,2019-01-31,2019-01-31
160,BEE.V,"04/20/2020, 00:43:29",0.445,78900000.0,35110000.0,36630000.0,-4290000.0,0.0,0,0.0,312.0,735.0,58.0,-2044.0,2019-09-30,2019-09-30,2019-09-30
161,BEER.V,"04/20/2020, 00:43:49",0.05,110480000.0,5520000.0,5170000.0,-4280000.0,0.0,0.0,0.0,1069.0,627.0,1280.0,-5367.0,2019-06-30,2019-06-30,2019-06-30
162,BER-H.V,"04/20/2020, 00:44:09",0.12,5210000.0,0.0,0.0,0,0,0,0.0,7.0,395.0,0.0,-67.0,2018-12-31,2018-12-31,2018-12-31
163,BES.V,"04/20/2020, 00:44:30",0.01,47010000.0,0.0,0.0,0.0,0.0,0,0.0,15.0,1789.0,2501.0,-147.0,2019-09-30,2019-09-30,2019-09-30
164,BEW.V,"04/20/2020, 00:44:51",0.11,87890000.0,9670000.0,6770000.0,-1370000.0,0.0,0.0,0.0,731.0,1466.0,3609.0,-1500.0,2018-12-31,2018-12-31,2018-12-31
165,BEX.V,"04/20/2020, 00:45:11",0.1,87070000.0,8710000.0,7460000.0,-1010000.0,0.0,0.0,0.0,3184.0,71.0,0.0,2638.0,2019-06-30,2019-06-30,2019-06-30
166,BFF.V,"04/20/2020, 00:45:32",0.045,10460000.0,0.0,0.0,0,0,0,0.0,1063.0,123.0,0.0,-669.0,2019-06-30,2019-06-30,2019-06-30
167,BGA.V,"04/20/2020, 00:45:53",0.18,46450000.0,8359999.999999999,14830000.0,-2280000.0,0.0,0.0,0.0,1498.0,21928.0,37717.0,2907.0,2018-12-31,2018-12-31,2018-12-31
168,BGD-H.V,"04/20/2020, 00:46:15",0.05,20230000.0,1010000.0,0.0,0,0,0.0,0.0,132.0,97.0,0.0,-249.0,2019-12-31,2019-12-31,2019-12-31
169,BGF.V,"04/20/2020, 00:46:38",0.105,20970000.0,2200000.0,2310000.0,0,0,0.0,0.0,255.0,405.0,0.0,-187.0,2019-07-31,2019-07-31,2019-07-31
170,BGS.V,"04/20/2020, 00:46:58",0.025,5380000.0,0.0,0.0,0.0,0.0,0,0.0,27.0,3032.0,0.0,-103.0,2019-05-31,2019-05-31,2019-05-31
171,BHR.V,"04/20/2020, 00:47:18",0.065,5190000.0,0.0,0.0,0.0,0.0,0,0.0,65.0,160.0,0.0,-85.0,2018-12-31,2018-12-31,2018-12-31
172,BHS.V,"04/20/2020, 00:47:38",0.06,110030000.0,6600000.0,8890000.0,-2080000.0,0.0,0,0.0,41.0,4921.0,0.0,-2783.0,2018-12-31,2018-12-31,2018-12-31
173,BHT.V,"04/20/2020, 00:47:58",0.05,110480000.0,5520000.0,14680000.0,0,0,0.0,0.0,696.0,9924.0,0.0,-3650.0,2019-05-31,2019-05-31,2019-05-31
174,BIRD-P.V,"04/20/2020, 00:48:18",0.01,14000000.0,0.0,0.0,0,0,0,0.0,772.0,13.0,0.0,0.0,2018-12-31,ttm,ttm
175,BITF.V,"04/20/2020, 00:48:38",0.45,83380000.0,37520000.0,56510000.0,2270000.0,0.0,0.0,0.0,552.0,5581.0,33805.0,13362.0,2018-12-31,2018-12-31,2018-12-31
176,BITK.V,"04/20/2020, 00:48:58",0.135,16250000.0,2190000.0,0.0,0,0,0,0.0,2141.0,53.0,0.0,-893.0,2019-09-30,2019-09-30,2019-09-30
177,BKH-P.V,"04/20/2020, 00:49:18",0.16,3530000.0,0.0,0.0,0,0,0,0.0,279.0,9.0,0.0,-28.0,2019-11-30,2019-11-30,2019-11-30
178,BKM.V,"04/20/2020, 00:49:37",1.8,16770000.0,30180000.0,28160000.0,0.0,0.0,0,0.0,564.0,20.0,0.0,-195.0,2019-01-31,2019-01-31,2019-01-31
179,BKMT.V,"04/20/2020, 00:49:57",0.06,44270000.0,2660000.0,0.0,-1010000.0,0.0,0,0.0,346.0,37.0,0.0,-67.0,2018-12-31,2018-12-31,2018-12-31
180,BKR.V,"04/20/2020, 00:50:17",0.015,69780000.0,1050000.0,0.0,-1940000.0,0.0,0,0.0,1200.0,222.0,0.0,-2093.0,2019-02-28,2019-02-28,2019-02-28
181,BLM.V,"04/20/2020, 00:50:37",0.17,28680000.0,4870000.0,9620000.0,0.0,0.0,0.0,0.0,243.0,6864.0,28252.0,2056.0,2019-09-30,2019-09-30,2019-09-30
182,BLN.V,"04/20/2020, 00:50:57",4.32,47900000.0,206930000.0,183630000.0,-8390000.0,0.0,0.0,0.0,30640.0,19363.0,33271.0,-5123.0,2019-10-31,2019-10-31,2019-10-31
183,BLOK.V,"04/20/2020, 00:51:18",0.05,66550000.0,3330000.0,1810000.0,0,0,0.0,0.0,1948.0,370.0,25.0,-697.0,2019-08-31,2019-08-31,2019-08-31
184,BLTC-P.V,"04/20/2020, 00:51:37",0.15,0,0,0.0,0,0,0,0,0.0,0.0,0.0,0.0,Null,ttm,ttm
185,BLUE.V,"04/20/2020, 00:51:59",0.065,51840000.0,3370000.0,0.0,0,0,0,0.0,0.0,0.0,0.0,0.0,Null,2019-10-31,2019-10-31
186,BME.V,"04/20/2020, 00:52:19",0.35,122920000.0,43020000.0,41980000.0,0,0,0,0.0,1046.0,34.0,0.0,-1224.0,2019-12-31,2019-12-31,2019-12-31
187,BMET.V,"04/20/2020, 00:52:39",0.15,104930000.0,15740000.0,13030000.0,0,0,0,0.0,371.0,2508.0,0.0,-821.0,2018-12-31,2018-12-31,2018-12-31
188,BMGB-P.V,"04/20/2020, 00:52:59",0.1,4500000.0,0.0,0.0,0,0,0,0.0,204.0,20.0,0.0,-89.0,Null,2019-06-30,2019-06-30
189,BMK.V,"04/20/2020, 00:53:19",0.07,149350000.0,10450000.0,10120000.0,-2470000.0,0.0,0,0.0,362.0,1717.0,0.0,-751.0,2018-12-31,2018-12-31,2018-12-31
190,BMM.V,"04/20/2020, 00:53:39",0.04,11080000.0,0.0,0.0,0.0,0.0,0,0.0,260.0,594.0,0.0,-157.0,2018-12-31,2018-12-31,2018-12-31
191,BMX.V,"04/20/2020, 00:54:00",0.035,76030000.0,2660000.0,2630000.0,-1630000.0,0.0,0,0.0,241.0,339.0,0.0,-1639.0,2018-12-31,2018-12-31,2018-12-31
192,BNCH.V,"04/20/2020, 00:54:19",0.29,110050000.0,31920000.0,27470000.0,0,0,0,0.0,387.0,301.0,0.0,-2429.0,2019-02-28,2019-02-28,2019-02-28
193,BOL.V,"04/20/2020, 00:54:40",0.05,27880000.0,1390000.0,1380000.0,0,0,0.0,0.0,11.0,115.0,0.0,-36.0,2019-10-31,2019-10-31,2019-10-31
194,BOLD-P.V,"04/20/2020, 00:55:01",0.1,7260000.0,0.0,0.0,0,0,0,0.0,0.0,59.0,0.0,0.0,2018-12-31,ttm,ttm
195,BP.V,"04/20/2020, 00:55:21",0.12,15350000.0,1840000.0,1550000.0,0.0,0.0,0,0.0,71.0,578.0,2.0,-437.0,2018-12-31,2018-12-31,2018-12-31
196,BPLI.V,"04/20/2020, 00:55:42",0.065,107660000.0,7000000.0,14970000.0,2750000.0,0.0,0.0,0.0,150.0,17567.0,23017.0,-731.0,2019-09-30,2019-09-30,2019-09-30
197,BQE.V,"04/20/2020, 00:56:03",10.0,1210000.0,12090000.0,11500000.0,0.0,0.0,0.0,0.0,1425.0,1531.0,4270.0,-579.0,2018-12-31,2018-12-31,2018-12-31
198,BRAC-P.V,"04/20/2020, 00:56:25",0.1,7920000.0,0.0,0.0,0,0,0,0.0,0.0,0.0,0.0,0.0,Null,ttm,ttm
199,BRAG.V,"04/20/2020, 00:56:45",0.38,79860000.0,30350000.0,30620000.0,0,0,0.0,0.0,2956.0,2079.0,10800.0,-6547.0,2018-03-31,2018-03-31,2018-03-31
200,BRC.V,"04/20/2020, 00:57:06",0.165,68850000.0,11360000.0,11020000.0,0,0,0.0,0.0,878.0,575.0,0.0,-1109.0,2019-10-31,2019-10-31,2019-10-31
201,BRM.V,"04/20/2020, 00:57:26",0.325,37560000.0,12210000.0,7220000.0,2360000.0,0.0,0,0.0,3950.0,8153.0,24333.0,-2.0,2018-12-31,2018-12-31,2018-12-31
202,BRN-PR-A.V,"04/20/2020, 00:57:47",0,0,0,0,0,0,0,0,0.0,0.0,0.0,0.0,Null,Null,Null
203,BRO.V,"04/20/2020, 00:58:07",0.24,43770000.0,10500000.0,7330000.0,-1080000.0,0.0,0.0,0.0,3381.0,270.0,0.0,-1223.0,2019-03-31,2019-03-31,2019-03-31
204,BRTL.V,"04/20/2020, 00:58:27",0.1,45840000.0,4580000.0,-2590000.0,0,0,0.0,0.0,9304.0,408.0,3147.0,4001.0,2019-02-28,2019-02-28,2019-02-28
205,BRZ.V,"04/20/2020, 00:58:47",0.1,72780000.0,7280000.0,6470000.0,0.0,0.0,0.0,0.0,647.0,217.0,0.0,-569.0,2019-10-31,2019-10-31,2019-10-31
206,BSH.V,"04/20/2020, 00:59:09",0.01,82360000.0,0.0,2110000.0,0.0,0.0,0,0.0,135.0,1946.0,55.0,-1006.0,2019-12-31,2019-12-31,2019-12-31
207,BSK.V,"04/20/2020, 00:59:31",0.18,120110000.0,21620000.0,21260000.0,-2760000.0,0.0,0,0.0,360.0,252.0,0.0,-2471.0,2019-12-31,2019-12-31,2019-12-31
208,BSR.V,"04/20/2020, 00:59:51",1.65,81980000.0,135270000.0,132169999.99999999,-20590000.0,0.0,0.0,0.0,3115.0,13275.0,0.0,-19445.0,2019-12-31,2019-12-31,2019-12-31
209,BST.V,"04/20/2020, 01:00:11",0.055,19990000.0,1100000.0,0.0,0,0,0,0.0,556.0,14.0,0.0,-139.0,2019-10-31,2019-10-31,2019-10-31
210,BTI.V,"04/20/2020, 01:00:31",0.16,63510000.0,10160000.0,10090000.0,-4760000.0,0.0,0,0.0,1360.0,2290.0,1422.0,-3230.0,2019-02-28,2019-02-28,2019-02-28
211,BTR.V,"04/20/2020, 01:00:51",1.1,77490000.0,85240000.0,74450000.0,-42710000.0,0.0,0.0,0.0,9827.0,23087.0,0.0,-54588.0,2019-05-31,2019-05-31,2019-05-31
212,BTRU.V,"04/20/2020, 01:01:11",0.06,78270000.0,4700000.0,8260000.0,-5050000.0,0.0,0,0.0,3.0,4864.0,44.0,-4033.0,2019-03-31,2019-03-31,2019-03-31
213,BTT.V,"04/20/2020, 01:01:32",0.035,45930000.0,1610000.0,1620000.0,0.0,0.0,0.0,0.0,0.0,488.0,0.0,-152.0,2019-10-31,2019-10-31,2019-10-31
214,BTU.V,"04/20/2020, 01:01:52",0.22,82050000.0,18050000.0,18600000.0,0.0,0.0,0,0.0,595.0,120.0,0.0,-132.0,2019-04-30,2019-04-30,2019-04-30
215,BTV.V,"04/20/2020, 01:02:13",0.05,78370000.0,3920000.0,5710000.0,-3650000.0,0.0,0,0.0,922.0,4877.0,3631.0,-1909.0,2019-07-31,2019-07-31,2019-07-31
216,BUD.V,"04/20/2020, 01:02:33",0.035,43630000.0,1530000.0,0.0,0.0,0.0,0,0.0,816.0,844.0,0.0,-348.0,2018-12-31,2018-12-31,2018-12-31
217,BUF.V,"04/20/2020, 01:02:53",0.005,421350000.0,2110000.0,2110000.0,0,0,0,0.0,3518.0,568380.0,398968.0,36248.0,2019-12-31,2019-12-31,2019-12-31
218,BUS.V,"04/20/2020, 01:03:13",0.3,74470000.0,22340000.0,27610000.0,-2640000.0,0.0,0.0,0.0,2732.0,19550.0,70077.0,2931.0,2018-12-31,2018-12-31,2018-12-31
219,BUZH-P.V,"04/20/2020, 01:03:34",0.055,8220000.000000001,0.0,0.0,0,0,0,0.0,473.0,1.0,0.0,0.0,2018-12-31,ttm,ttm
220,BVA.V,"04/20/2020, 01:03:54",0.09,68500000.0,6170000.0,6120000.0,0.0,0.0,0,0.0,515.0,1018.0,0.0,-483.0,2019-07-31,2019-07-31,2019-07-31
221,BVC-H.V,"04/20/2020, 01:04:13",0.18,14000000.0,2520000.0,2420000.0,0.0,0.0,0,0.0,162.0,44.0,0.0,-437.0,2019-05-31,2019-05-31,2019-05-31
222,BWLK.V,"04/20/2020, 01:04:33",0.54,14440000.0,7800000.0,12580000.0,-3470000.0,0.0,0,0.0,195.0,5813.0,4917.0,-4439.0,2019-03-31,2019-03-31,2019-03-31
223,BWR.V,"04/20/2020, 01:04:55",0.04,79620000.0,3180000.0,3040000.0,0,0,0,0.0,138.0,321.0,0.0,-351.0,2019-11-30,2019-11-30,2019-11-30
224,BXR.V,"04/20/2020, 01:05:17",0.005,191750000.0,0.0,1560000.0,0.0,0.0,0,0.0,26.0,1428.0,0.0,-164.0,2019-10-31,2019-10-31,2019-10-31
225,BYM-H.V,"04/20/2020, 01:05:37",0.01,32189999.999999996,0.0,0.0,0,0,0,0.0,0.0,2172.0,0.0,0.0,2018-12-31,2018-12-31,2018-12-31
226,BYN.V,"04/20/2020, 01:05:57",0.05,130820000.0,6540000.0,5640000.0,0.0,0.0,0,0.0,340.0,225.0,0.0,-398.0,2019-09-30,2019-09-30,2019-09-30
227,BZ.V,"04/20/2020, 01:06:17",0.085,29320000.0,2490000.0,2160000.0,0,0,0,0.0,945.0,34.0,0.0,-482.0,2019-04-30,2019-04-30,2019-04-30
228,BZBZ-P.V,"04/20/2020, 01:06:37",0.03,9500000.0,0.0,0.0,0,0,0,0.0,0.0,0.0,0.0,0.0,Null,ttm,ttm
229,C.V,"04/20/2020, 01:06:56",0.14,84470000.0,11830000.0,24230000.0,-6110000.0,0.0,0.0,0.0,844.0,15718.0,0.0,-5313.0,2019-12-31,2019-12-31,2019-12-31
230,CAC-P.V,"04/20/2020, 01:07:16",0.03,16090000.0,0.0,0.0,0,0,0,0.0,963.0,11.0,0.0,0.0,2018-12-31,ttm,ttm
231,CAD.V,"04/20/2020, 01:07:36",0.25,174210000.0,43550000.0,39080000.0,-2029999.9999999998,0.0,0,0.0,2668.0,123.0,0.0,-1424.0,2019-07-31,2019-07-31,2019-07-31
232,CAF.V,"04/20/2020, 01:07:56",0.04,47430000.0,1900000.0,1280000.0,0.0,0.0,0,0.0,390.0,1416.0,11750.0,115.0,2019-10-31,2019-10-31,2019-10-31
233,CAG.V,"04/20/2020, 01:08:16",0.04,110230000.0,4410000.0,7960000.0,0.0,0.0,0,0.0,304.0,829.0,0.0,-299.0,2018-12-31,2018-12-31,2018-12-31
234,CAK-H.V,"04/20/2020, 01:08:39",0.02,6750000.0,0.0,0.0,0,0,0,0.0,218.0,101.0,0.0,-20.0,2019-04-30,2019-04-30,2019-04-30
235,CANB.V,"04/20/2020, 01:08:58",0.18,123170000.0,22170000.0,28610000.0,-8170000.0,0.0,0.0,0.0,324.0,2506.0,0.0,-1695.0,2019-07-31,2019-07-31,2019-07-31
236,CAND.V,"04/20/2020, 01:09:18",0.07,118060000.0,8260000.0,10290000.0,-1720000.0,0.0,0,0.0,277.0,2689.0,0.0,-2032.0,2019-04-30,2019-04-30,2019-04-30
237,CANX.V,"04/20/2020, 01:09:38",0.19,52650000.0,10000000.0,7430000.0,0.0,0.0,0,0.0,488.0,62.0,0.0,-166.0,2019-09-30,2019-09-30,2019-09-30
238,CAP.V,"04/20/2020, 01:09:58",0.01,132759999.99999999,1330000.0,0.0,0.0,0.0,0,0.0,899.0,0.0,0.0,-210.0,2019-12-31,2019-12-31,2019-12-31
239,CASA.V,"04/20/2020, 01:10:18",0.035,42110000.0,1470000.0,0.0,0.0,0.0,0,0.0,633.0,258.0,0.0,-795.0,2018-12-31,2018-12-31,2018-12-31
240,CAU-H.V,"04/20/2020, 01:10:38",0.1,6060000.0,0.0,0.0,0,0,0,0.0,714.0,5.0,0.0,-25.0,2018-12-31,2018-12-31,2018-12-31
241,CAY.V,"04/20/2020, 01:10:58",0.01,67099999.99999999,0.0,0.0,0,0,0.0,0.0,0.0,867.0,0.0,-255.0,2019-09-30,2019-09-30,2019-09-30
242,CBA.V,"04/20/2020, 01:11:18",0.09,52540000.0,4730000.0,7060000.0,0.0,0.0,0.0,0.0,190.0,2754.0,0.0,-302.0,2018-12-31,2018-12-31,2018-12-31
243,CBG.V,"04/20/2020, 01:11:38",0.08,46700000.0,3740000.0,3650000.0,0,0,0.0,0.0,257.0,102.0,0.0,-153.0,2018-12-31,2018-12-31,2018-12-31
244,CBI.V,"04/20/2020, 01:11:58",0.045,64780000.0,2920000.0,3660000.0,0.0,0.0,0.0,0.0,647.0,1548.0,0.0,-582.0,2019-11-30,2019-11-30,2019-11-30
245,CBLT.V,"04/20/2020, 01:12:19",0.01,70240000.0,0.0,0.0,0.0,0.0,0,0.0,401.0,470.0,0.0,-225.0,2019-05-31,2019-05-31,2019-05-31
246,CBLU.V,"04/20/2020, 01:12:39",0.14,45740000.0,6400000.0,7650000.0,-3970000.0,0.0,0.0,0.0,767.0,2544.0,3780.0,-6315.0,2018-12-31,2018-12-31,2018-12-31
247,CBR.V,"04/20/2020, 01:13:00",0.115,61660000.0,7090000.0,5120000.0,-3940000.0,0.0,0,0.0,1685.0,201.0,0.0,-3309.0,2018-12-31,2018-12-31,2018-12-31
248,CBS.V,"04/20/2020, 01:13:20",0.065,10810000.0,0.0,0.0,0,0,0,0.0,211.0,27.0,0.0,-398.0,2019-09-30,2019-09-30,2019-09-30
249,CBV.V,"04/20/2020, 01:13:41",0.045,15900000.0,0.0,-1280000.0,0.0,0.0,0,0.0,1937.0,159.0,1385.0,190.0,2019-11-30,2019-11-30,2019-11-30
250,CCB.V,"04/20/2020, 01:14:01",0.185,112430000.0,20800000.0,20480000.0,0,0,0,0.0,604.0,935.0,0.0,-602.0,2018-12-31,2018-12-31,2018-12-31
251,CCD.V,"04/20/2020, 01:14:21",0.01,177800000.0,1780000.0,1820000.0,0.0,0.0,0,0.0,178.0,1483.0,0.0,-210.0,2019-11-30,2019-11-30,2019-11-30
252,CCE.V,"04/20/2020, 01:14:41",0.12,41480000.0,4980000.0,4480000.0,0,0,0,0.0,693.0,1078.0,0.0,-1588.0,2019-10-31,2019-10-31,2019-10-31
253,CCK-H.V,"04/20/2020, 01:15:04",0.015,31720000.0,0.0,0.0,0,0,0,0.0,1357.0,18.0,0.0,-239.0,2019-09-30,2019-09-30,2019-09-30
254,CCW.V,"04/20/2020, 01:15:24",0.425,89220000.0,37920000.0,36940000.0,0,0,0,0.0,281.0,859.0,0.0,-4011.0,2018-12-31,2018-12-31,2018-12-31
255,CD.V,"04/20/2020, 01:15:44",0.76,48010000.0,36490000.0,29290000.0,0,0,0.0,0.0,11532.0,6852.0,0.0,-5953.0,2019-07-31,2019-07-31,2019-07-31
256,CDA.V,"04/20/2020, 01:16:05",0.065,70760000.0,4600000.0,4130000.0,-1790000.0,0.0,0,0.0,658.0,1184.0,303.0,-934.0,2018-12-31,2018-12-31,2018-12-31
257,CDB.V,"04/20/2020, 01:16:25",0.08,456870000.0,36550000.0,39650000.0,-10480000.0,0.0,0,0.0,247.0,22205.0,0.0,-8887.0,2019-12-31,2019-12-31,2019-12-31
258,CDC.V,"04/20/2020, 01:16:45",0.015,90720000.0,1360000.0,1570000.0,0.0,0.0,0.0,0.0,469.0,2152.0,0.0,-302.0,2019-05-31,2019-05-31,2019-05-31
259,CDG.V,"04/20/2020, 01:17:06",0.015,109210000.0,1640000.0,1640000.0,0.0,0.0,0,0.0,64.0,1493.0,0.0,-192.0,2019-03-31,2019-03-31,2019-03-31
260,CDU.V,"04/20/2020, 01:17:26",0.03,133910000.0,4019999.9999999995,5760000.0,0.0,0.0,0.0,0.0,33.0,5518.0,0.0,-753.0,2019-10-31,2019-10-31,2019-10-31
261,CE-H.V,"04/20/2020, 01:17:46",0.005,90390000.0,0.0,1100000.0,0.0,0.0,0,0.0,2.0,988.0,0.0,-51.0,2019-04-30,2019-04-30,2019-04-30
262,CEL-H.V,"04/20/2020, 01:18:07",0.07,22410000.0,1570000.0,1570000.0,0,0,0,0.0,2.0,171.0,0.0,-129.0,2018-12-31,2018-12-31,2018-12-31
263,CEM.V,"04/20/2020, 01:18:27",0.15,45350000.0,6800000.0,6840000.0,-1600000.0,0.0,0.0,0.0,1223.0,1284.0,0.0,-790.0,2019-10-31,2019-10-31,2019-10-31
264,CEN.V,"04/20/2020, 01:18:47",0.05,5940000.0,0.0,0.0,0.0,0.0,0,0.0,22.0,1384.0,0.0,-141.0,2019-07-31,2019-07-31,2019-07-31
265,CEO-H.V,"04/20/2020, 01:19:09",0.01,34280000.0,0.0,0.0,0,0,0,0.0,68.0,207.0,0.0,0.0,2019-03-31,2019-03-31,2019-03-31
266,CFM.V,"04/20/2020, 01:19:29",0.29,13270000.0,3850000.0,3800000.0,0,0,0.0,0.0,435.0,674.0,0.0,-161.0,2019-06-30,2019-06-30,2019-06-30
267,CFY.V,"04/20/2020, 01:19:50",0.47,65250000.0,30670000.0,30670000.0,0,0,0.0,0.0,86494.0,361108.0,400515.0,12313.0,2018-12-31,2018-12-31,2018-12-31
268,CGC.V,"04/20/2020, 01:20:10",1.97,0,0,210290000.0,0,0,0.0,0.0,0.0,0.0,0.0,0.0,Null,ttm,ttm
269,CGD.V,"04/20/2020, 01:20:31",0.015,88940000.0,1330000.0,1160000.0,0.0,0.0,0.0,0.0,155.0,401.0,0.0,44.0,2018-12-31,2018-12-31,2018-12-31
270,CGLD.V,"04/20/2020, 01:20:51",0.105,166880000.0,17520000.0,22070000.0,0.0,0.0,0.0,0.0,132.0,23879.0,27270.0,-8519.0,2018-12-31,2018-12-31,2018-12-31
271,CGP.V,"04/20/2020, 01:21:12",2.1,32310000.000000004,67840000.0,65910000.0,-8160000.0,0.0,0,0.0,3884.0,29282.0,146.0,-5165.0,2018-12-31,2018-12-31,2018-12-31
272,CHN.V,"04/20/2020, 01:21:33",0.025,47370000.0,1180000.0,2510000.0,0.0,0.0,0.0,0.0,3382.0,7527.0,11863.0,686.0,2018-12-31,2018-12-31,2018-12-31
273,CHSC-P.V,"04/20/2020, 01:21:53",0.2,3050000.0,0.0,0.0,0,0,0,0.0,0.0,12.0,0.0,-53.0,2018-12-31,2018-12-31,2018-12-31
274,CHY-H.V,"04/20/2020, 01:22:14",0.085,9960000.0,0.0,0.0,0,0,0,0.0,5.0,380.0,0.0,-36.0,2019-12-31,2019-12-31,2019-12-31
275,CIO.V,"04/20/2020, 01:22:34",0.02,72710000.0,1450000.0,1450000.0,0,0,0.0,0.0,1351.0,1437.0,0.0,1179.0,2019-06-30,2019-06-30,2019-06-30
276,CIP-H.V,"04/20/2020, 01:22:55",0.005,38450000.0,0.0,0.0,0,0,0,0.0,7.0,282.0,0.0,-26.0,2019-10-31,2019-10-31,2019-10-31
277,CIT.V,"04/20/2020, 01:23:15",0.03,11280000.0,0.0,0.0,0,0,0,0.0,56.0,64.0,0.0,-126.0,2019-12-31,2019-12-31,2019-12-31
278,CJC.V,"04/20/2020, 01:23:35",0.25,67430000.0,16860000.0,9880000.0,-1730000.0,0.0,0,0.0,3306.0,927.0,0.0,-2248.0,2019-01-31,2019-01-31,2019-01-31
279,CKG.V,"04/20/2020, 01:23:55",2.92,51240000.0,149630000.0,134320000.0,-1980000.0,0.0,0.0,0.0,16938.0,8468.0,0.0,-817.0,2018-12-31,2018-12-31,2018-12-31
280,CKK.V,"04/20/2020, 01:24:15",0.015,231160000.0,3470000.0,17110000.0,1820000.0,0.0,0,0.0,397.0,16452.0,16355.0,2049.0,2019-12-31,2019-12-31,2019-12-31
281,CLH.V,"04/20/2020, 01:24:35",0.54,46850000.0,25300000.0,11270000.0,0.0,0.0,0,0.0,17965.0,2967.0,0.0,-360.0,2019-01-31,2019-01-31,2019-01-31
282,CLI.V,"04/20/2020, 01:24:56",0.015,102030000.0,1530000.0,50590000.0,-5080000.0,0.0,0,0.0,228.0,46193.0,6430.0,-9042.0,2018-12-31,2018-12-31,2018-12-31
283,CLM.V,"04/20/2020, 01:25:17",0.08,149910000.0,11990000.0,11870000.0,-4600000.0,0.0,0.0,0.0,135.0,5067.0,0.0,-2626.0,2019-09-30,2019-09-30,2019-09-30
284,CLV.V,"04/20/2020, 01:25:37",0.17,17470000.0,2970000.0,2560000.0,0,0,0,0.0,670.0,623.0,0.0,-652.0,2018-12-31,2018-12-31,2018-12-31
285,CLZ.V,"04/20/2020, 01:25:57",0.05,109290000.0,5460000.0,4099999.9999999995,-1180000.0,0.0,0.0,0.0,174.0,127.0,0.0,-1389.0,2018-12-31,2018-12-31,2018-12-31
286,CMB.V,"04/20/2020, 01:26:17",0.04,49140000.0,1970000.0,2430000.0,0.0,0.0,0,0.0,344.0,2019.0,0.0,-597.0,2019-09-30,2019-09-30,2019-09-30
287,CMD.V,"04/20/2020, 01:26:37",0.065,35650000.0,2320000.0,0.0,-1030000.0,0.0,0.0,0.0,1949.0,123.0,0.0,-1051.0,2019-12-31,2019-12-31,2019-12-31
288,CMI.V,"04/20/2020, 01:26:57",1.93,37970000.0,73280000.0,58100000.0,3640000.0,0.0,0,0.0,15180.0,946.0,13978.0,154.0,2019-11-30,2019-11-30,2019-11-30
289,CML.V,"04/20/2020, 01:27:17",0.06,37520000.0,2250000.0,79320000.0,0.0,0.0,0,0.0,409.0,98593.0,960.0,349.0,2019-12-31,2019-12-31,2019-12-31
290,CMO-H.V,"04/20/2020, 01:27:37",0.1,8780000.0,0.0,0.0,0,0,0,0.0,0.0,581.0,0.0,-8.0,2019-09-30,2019-09-30,2019-09-30
291,CMU.V,"04/20/2020, 01:27:59",3.15,4670000.0,14710000.0,14690000.0,0.0,0.0,0.0,0.0,57.0,1145.0,558.0,17.0,2019-01-31,2019-01-31,2019-01-31
292,CMX.V,"04/20/2020, 01:28:19",0.03,14160000.0,0.0,0.0,-1080000.0,0.0,0,0.0,29.0,1731.0,0.0,-1648.0,2018-12-31,2018-12-31,2018-12-31
293,CN.V,"04/20/2020, 01:28:39",0.055,108560000.0,5970000.0,5690000.0,0,0,0,0.0,325.0,113.0,0.0,-311.0,2019-02-28,2019-02-28,2019-02-28
294,CNC.V,"04/20/2020, 01:29:00",0.65,57270000.0,37230000.0,36870000.0,0,0,0,0.0,0.0,0.0,0.0,0.0,Null,ttm,ttm
295,CNO.V,"04/20/2020, 01:29:19",0.035,31430000.0,1100000.0,2760000.0,0.0,0.0,0,0.0,18.0,1943.0,749.0,93.0,2019-02-28,2019-02-28,2019-02-28
296,CNS.V,"04/20/2020, 01:29:39",0.03,29470000.0,0.0,1740000.0,0,0,0,0.0,262.0,1291.0,396.0,-643.0,2019-03-31,2019-03-31,2019-03-31
297,CNX.V,"04/20/2020, 01:29:59",0.48,10660000.0,5120000.0,3020000.0,-1620000.0,0.0,0.0,0.0,2880.0,183.0,0.0,-887.0,2019-09-30,2019-09-30,2019-09-30
298,COBC.V,"04/20/2020, 01:30:19",0.05,175140000.0,8760000.0,9030000.0,0,0,0,0.0,10.0,1280.0,0.0,-821.0,2019-05-31,2019-05-31,2019-05-31
299,COIN.V,"04/20/2020, 01:30:39",0.19,14650000.0,2780000.0,0.0,0,0,0,0.0,3142.0,74.0,-1481.0,-392.0,2018-12-31,2018-12-31,2018-12-31
300,COL.V,"04/20/2020, 01:30:59",0.02,85900000.0,1720000.0,1910000.0,0.0,0.0,0.0,0.0,192.0,1606.0,0.0,-421.0,2018-12-31,2018-12-31,2018-12-31
301,COLL-P.V,"04/20/2020, 01:31:21",0.07,13440000.0,0.0,0.0,0,0,0,0.0,710.0,13.0,6.0,-14.0,2019-03-31,2019-03-31,2019-03-31
302,CONE.V,"04/20/2020, 01:31:41",0.03,22610000.0,0.0,0.0,0,0,0,0.0,0.0,583.0,0.0,-195.0,2019-07-31,2019-07-31,2019-07-31
303,COO.V,"04/20/2020, 01:32:02",0.01,61750000.0,0.0,0.0,0.0,0.0,0,0.0,509.0,4737.0,3041.0,876.0,2018-12-31,2018-12-31,2018-12-31
304,COPS.V,"04/20/2020, 01:32:23",0.015,69890000.0,1050000.0,8060000.000000001,-1170000.0,0.0,0.0,0.0,1192.0,7562.0,672.0,-2887.0,2017-11-30,2017-11-30,2017-11-30
305,COR.V,"04/20/2020, 01:32:44",0.1,72160000.0,7220000.0,7210000.0,0.0,0.0,0,0.0,126.0,239.0,0.0,-545.0,2019-07-31,2019-07-31,2019-07-31
306,CORE.V,"04/20/2020, 01:33:06",0.09,63670000.0,5730000.0,4220000.0,0,0,0,0.0,2270.0,227.0,0.0,-2276.0,2019-01-31,2019-01-31,2019-01-31
307,COT.V,"04/20/2020, 01:33:26",0.06,21990000.0,1320000.0,1740000.0,-2140000.0,0.0,0,0.0,224.0,3648.0,0.0,-1692.0,2019-04-30,2019-04-30,2019-04-30
308,COV.V,"04/20/2020, 01:33:46",1.81,25820000.0,46730000.0,63730000.0,-6630000.0,0.0,0.0,0.0,9575.0,24677.0,34005.0,-2825.0,2019-09-30,2019-09-30,2019-09-30
309,CPA-H.V,"04/20/2020, 01:34:06",0.005,44050000.0,0.0,0.0,0,0,0,0.0,369.0,1021.0,0.0,-33.0,2018-12-31,2018-12-31,2018-12-31
310,CPL.V,"04/20/2020, 01:34:26",0.015,141080000.0,2120000.0,2190000.0,0,0,0.0,0.0,41.0,510.0,0.0,-65.0,2019-10-31,2019-10-31,2019-10-31
311,CPM.V,"04/20/2020, 01:34:46",0.055,291480000.0,16030000.000000002,25340000.0,-3400000.0,0.0,0.0,0.0,4315.0,26614.0,0.0,-3394.0,2018-12-31,2018-12-31,2018-12-31
312,CPS.V,"04/20/2020, 01:35:07",0.16,21220000.0,3400000.0,2490000.0,0,0,0,0.0,1834.0,4650.0,0.0,-8669.0,2019-09-30,2019-09-30,2019-09-30
313,CQR.V,"04/20/2020, 01:35:28",0.03,129460000.00000001,3880000.0,3570000.0,0,0,0,0.0,11.0,73.0,0.0,-502.0,2018-12-31,2018-12-31,2018-12-31
314,CRB.V,"04/20/2020, 01:35:48",0.04,45800000.0,1830000.0,-1060000.0,0,0,0,0.0,43.0,117.0,0.0,-69.0,2019-02-28,2019-02-28,2019-02-28
315,CRE.V,"04/20/2020, 01:36:08",0.27,158830000.0,42880000.0,46970000.0,-1830000.0,0.0,0.0,0.0,2179.0,8221.0,0.0,-2306.0,2019-08-31,2019-08-31,2019-08-31
316,CRU.V,"04/20/2020, 01:36:28",0.01,106400000.0,1060000.0,1180000.0,0,0,0.0,0.0,312.0,2786.0,0.0,-1260.0,2019-04-30,2019-04-30,2019-04-30
317,CRX-H.V,"04/20/2020, 01:36:48",0.075,7240000.0,0.0,0.0,0,0,0,0.0,27.0,222.0,0.0,-256.0,2019-01-31,2019-01-31,2019-01-31
318,CRYS-P.V,"04/20/2020, 01:37:08",0.1,11710000.0,1170000.0,0.0,0,0,0,0.0,869.0,44.0,0.0,-47.0,2019-07-31,2019-07-31,2019-07-31
319,CSL.V,"04/20/2020, 01:37:29",0.02,92750000.0,1850000.0,1730000.0,0.0,0.0,0,0.0,217.0,45.0,0.0,-235.0,2019-09-30,2019-09-30,2019-09-30
320,CSO.V,"04/20/2020, 01:37:49",0.22,94760000.0,20850000.0,97530000.0,23320000.0,0.0,0.0,0.0,4296.0,118168.0,230869.0,14686.0,2019-12-31,2019-12-31,2019-12-31
321,CSOC-A.V,"04/20/2020, 01:38:09",1.8,1620000.0,5120000.0,-7730000.0,0,0,0,0.0,234.0,91.0,0.0,0.0,2018-12-31,ttm,ttm
322,CSOC-B.V,"04/20/2020, 01:38:29",1.9,1160000.0,5120000.0,-7450000.0,0,0,0,0.0,234.0,91.0,0.0,0.0,2018-12-31,ttm,ttm
323,CSTL-P.V,"04/20/2020, 01:38:48",0.03,4000000.0,0.0,0.0,0,0,0,0.0,0.0,12.0,0.0,0.0,2018-12-31,ttm,ttm
324,CSTR.V,"04/20/2020, 01:39:08",0.05,208750000.0,10440000.0,15710000.0,-1360000.0,0.0,0.0,0.0,76.0,3444.0,15011.0,6306.0,2018-12-31,2018-12-31,2018-12-31
325,CSX.V,"04/20/2020, 01:39:31",0.285,70050000.0,19960000.0,23590000.0,-2480000.0,0.0,0.0,0.0,91.0,6467.0,0.0,-2201.0,2019-06-30,2019-06-30,2019-06-30
326,CTA.V,"04/20/2020, 01:39:51",0.055,544060000.0,29920000.0,43300000.0,-1850000.0,0.0,0.0,0.0,778.0,26476.0,36651.0,3894.0,2018-12-31,2018-12-31,2018-12-31
327,CTEC.V,"04/20/2020, 01:40:13",0.245,18560000.0,4550000.0,1550000.0,0,0,0.0,0.0,2068.0,504.0,0.0,-1395.0,2018-12-31,2018-12-31,2018-12-31
328,CTM.V,"04/20/2020, 01:40:37",0.01,89860000.0,0.0,0.0,0.0,0.0,0,0.0,11.0,174.0,0.0,-73.0,2018-12-31,2018-12-31,2018-12-31
329,CTO.V,"04/20/2020, 01:41:00",0.55,10090000.0,5550000.0,8010000.0,1840000.0,0.0,0.0,0.0,160.0,5901.0,30427.0,3675.0,2019-12-31,2019-12-31,2019-12-31
330,CTS.V,"04/20/2020, 01:41:23",1.04,88370000.0,91900000.0,248960000.0,23610000.0,0.0,0,0.0,20590.0,498761.0,687796.0,26811.0,2019-12-31,2019-12-31,2019-12-31
331,CTU.V,"04/20/2020, 01:41:47",0.03,29960000.0,0.0,208030000.0,-4540000.0,0.0,0,0.0,0.0,108736.0,190850.0,-7472.0,2019-01-31,2019-01-31,2019-01-31
332,CTZ.V,"04/20/2020, 01:42:10",0.75,27290000.0,20460000.0,15740000.0,1590000.0,0.0,0.0,0.0,4365.0,1078.0,4119.0,1403.0,2019-10-31,2019-10-31,2019-10-31
333,CUB.V,"04/20/2020, 01:42:33",0.38,94460000.0,35890000.0,32170000.0,-8410000.0,0.0,0.0,0.0,9901.0,3929.0,5356.0,-4682.0,2019-06-30,2019-06-30,2019-06-30
334,CUC.V,"04/20/2020, 01:42:53",0.07,331530000.0,23210000.0,15650000.0,-1250000.0,0.0,0,0.0,147.0,151.0,0.0,-1032.0,2019-08-31,2019-08-31,2019-08-31
335,CUDA.V,"04/20/2020, 01:43:13",0.05,36330000.0,1820000.0,39380000.0,0.0,0.0,0.0,0.0,1531.0,54365.0,6276.0,-5172.0,2018-12-31,2018-12-31,2018-12-31
336,CUI.V,"04/20/2020, 01:43:33",0.035,41830000.0,1460000.0,1390000.0,0,0,0.0,0.0,193.0,119.0,0.0,-265.0,2018-12-31,2018-12-31,2018-12-31
337,CUSP-P.V,"04/20/2020, 01:43:53",0.105,15000000.0,1570000.0,-1150000.0,0,0,0,0.0,0.0,0.0,0.0,0.0,Null,ttm,ttm
338,CUU.V,"04/20/2020, 01:44:13",0.06,485970000.0,29160000.0,27490000.0,0.0,0.0,0,0.0,374.0,1865.0,0.0,-853.0,2019-10-31,2019-10-31,2019-10-31
339,CVB.V,"04/20/2020, 01:44:35",0.245,54430000.0,13330000.0,8750000.0,0,0,0,0.0,1669.0,375.0,0.0,-714.0,2018-12-31,2018-12-31,2018-12-31
340,CVV.V,"04/20/2020, 01:44:55",0.18,57580000.0,10360000.0,7230000.0,-3650000.0,0.0,0,0.0,1388.0,157.0,0.0,-1697.0,2019-04-30,2019-04-30,2019-04-30
341,CVX.V,"04/20/2020, 01:45:15",0.395,59290000.0,23420000.0,32600000.0,2370000.0,0.0,0.0,0.0,733.0,15676.0,17561.0,-1101.0,2018-12-31,2018-12-31,2018-12-31
342,CWC.V,"04/20/2020, 01:45:36",0.1,510700000.0,51070000.0,91810000.0,10800000.0,0.0,0.0,0.0,117.0,61366.0,108446.0,12247.0,2019-12-31,2019-12-31,2019-12-31
343,CWM.V,"04/20/2020, 01:45:58",0.025,44430000.0,1110000.0,1110000.0,0,0,0,0.0,2.0,52.0,0.0,-320.0,2019-12-31,2019-12-31,2019-12-31
344,CWRK.V,"04/20/2020, 01:46:18",0.045,23760000.0,1340000.0,2300000.0,0,0,0,0.0,1.0,2062.0,250.0,-2292.0,2019-12-31,2019-12-31,2019-12-31
345,CWV.V,"04/20/2020, 01:46:39",0.2,72900000.0,14580000.0,-3770000.0,24150000.0,0.0,0.0,0.0,2194.0,36817.0,48667.0,21636.0,2018-12-31,2018-12-31,2018-12-31
346,CX.V,"04/20/2020, 01:46:59",0.08,14200000.0,1140000.0,0.0,0,0,0,0.0,314.0,13.0,0.0,-83.0,2019-07-31,2019-07-31,2019-07-31
347,CXO.V,"04/20/2020, 01:47:19",0.04,211170000.0,8450000.0,7280000.0,-1180000.0,0.0,0.0,0.0,191.0,778.0,0.0,-2012.0,2019-03-31,2019-03-31,2019-03-31
348,CYF.V,"04/20/2020, 01:47:39",0.015,35150000.0,0.0,19020000.0,-1480000.0,0.0,0,0.0,0.0,26018.0,7479.0,-972.0,2019-05-31,2019-05-31,2019-05-31
349,CYL.V,"04/20/2020, 01:47:59",0.08,67270000.0,5380000.0,7300000.0,-1460000.0,0.0,0.0,0.0,441.0,3038.0,0.0,-1353.0,2019-03-31,2019-03-31,2019-03-31
350,CYM.V,"04/20/2020, 01:48:19",0.235,42800000.0,10060000.0,10510000.0,-1380000.0,0.0,0,0.0,181.0,1678.0,2644.0,-471.0,2019-04-30,2019-04-30,2019-04-30
351,CYP.V,"04/20/2020, 01:48:39",0.17,90100000.0,15320000.0,13790000.0,-1080000.0,0.0,0,0.0,1528.0,87.0,0.0,-1159.0,2019-12-31,2019-12-31,2019-12-31
352,CYX.V,"04/20/2020, 01:48:59",0.005,94780000.0,0.0,0.0,0.0,0.0,0,0.0,0.0,801.0,2.0,-593.0,2018-12-31,2018-12-31,2018-12-31
353,CZ-H.V,"04/20/2020, 01:49:19",0.035,10220000.0,0.0,0.0,0,0,0,0.0,1.0,273.0,0.0,-21.0,2019-10-31,2019-10-31,2019-10-31
354,CZO.V,"04/20/2020, 01:49:41",0.36,77340000.0,27840000.0,29370000.0,1170000.0,0.0,0.0,0.0,1857.0,4957.0,12880.0,882.0,2019-12-31,2019-12-31,2019-12-31
355,CZR.V,"04/20/2020, 01:50:03",0.21,31510000.0,6620000.0,6660000.0,-4510000.0,0.0,0.0,0.0,1617.0,25491.0,6256.0,-2592.0,2018-12-31,2018-12-31,2018-12-31
356,CZR-WT.V,"04/20/2020, 01:50:24",0,0,0,0,0,0,0,0,0.0,0.0,0.0,0.0,Null,Null,Null
357,CZZ.V,"04/20/2020, 01:50:44",0.05,28410000.0,1420000.0,1030000.0,0,0,0,0.0,139.0,22.0,0.0,-101.0,2019-03-31,2019-03-31,2019-03-31
358,DAC.V,"04/20/2020, 01:51:06",0.04,72870000.0,2910000.0,2610000.0,-2009999.9999999998,0.0,0,0.0,138.0,562.0,1421.0,-1764.0,2018-12-31,2018-12-31,2018-12-31
359,DAN.V,"04/20/2020, 01:51:27",0.19,113160000.0,21500000.0,53190000.0,-1930000.0,0.0,0.0,0.0,355.0,36487.0,0.0,-2018.0,2019-12-31,2019-12-31,2019-12-31
360,DASH.V,"04/20/2020, 01:51:48",0.1,84620000.0,8460000.0,6930000.0,0.0,0.0,0.0,0.0,677.0,229.0,202.0,-557.0,2019-08-31,2019-08-31,2019-08-31
361,DAU.V,"04/20/2020, 01:52:08",0.09,90090000.0,8109999.999999999,7570000.0,-5500000.0,0.0,0,0.0,112.0,533.0,0.0,-1349.0,2018-12-31,2018-12-31,2018-12-31
362,DB.V,"04/20/2020, 01:52:29",0.07,342500000.0,23980000.0,24720000.0,0.0,0.0,0.0,0.0,30110.0,14307.0,0.0,-3587.0,2018-12-31,2018-12-31,2018-12-31
363,DB-DB.V,"04/20/2020, 01:52:49",26.08,0,0,0.0,0,0,0,0,0.0,0.0,0.0,0.0,Null,ttm,ttm
364,DBV.V,"04/20/2020, 01:53:09",0.06,114870000.0,6890000.0,6090000.0,0.0,0.0,0,0.0,54.0,239.0,0.0,-271.0,2019-02-28,2019-02-28,2019-02-28
365,DCMC.V,"04/20/2020, 01:53:29",0.55,26590000.0,14630000.0,2650000.0,0,0,0.0,0.0,265.0,58.0,0.0,-34.0,2018-12-31,2018-12-31,2018-12-31
366,DCOP.V,"04/20/2020, 01:53:49",0.01,136940000.0,1370000.0,1340000.0,0.0,0.0,0,0.0,50.0,409.0,0.0,-411.0,2019-10-31,2019-10-31,2019-10-31
367,DCY.V,"04/20/2020, 01:54:10",0.08,12220000.0,0.0,0.0,0,0,0,0.0,37.0,12.0,0.0,-131.0,2019-07-31,2019-07-31,2019-07-31
368,DDD-P.V,"04/20/2020, 01:54:30",0.065,4500000.0,0.0,0.0,0,0,0.0,0.0,220.0,6.0,0.0,-81.0,2019-01-31,2019-01-31,2019-01-31
369,DE.V,"04/20/2020, 01:54:51",1.44,11460000.0,16500000.0,44010000.0,5310000.0,0.0,0.0,0.0,1815.0,20912.0,37993.0,965.0,2018-12-31,2018-12-31,2018-12-31
370,DEC.V,"04/20/2020, 01:55:11",0.025,166370000.0,4160000.0,4170000.0,0.0,0.0,0,0.0,75.0,1930.0,0.0,-776.0,2019-04-30,2019-04-30,2019-04-30
371,DEF.V,"04/20/2020, 01:55:31",0.17,149480000.0,25410000.0,25270000.0,0,0,0.0,0.0,129.0,2584.0,0.0,-1050.0,2019-06-30,2019-06-30,2019-06-30
372,DEFN.V,"04/20/2020, 01:55:51",0.12,39710000.0,4760000.0,4050000.0,0,0,0,0.0,192.0,57.0,0.0,-703.0,2019-03-31,2019-03-31,2019-03-31
373,DELX.V,"04/20/2020, 01:56:12",0.075,87230000.0,6540000.0,7580000.0,0,0,0,0.0,187.0,1316.0,0.0,-1807.0,2018-12-31,2018-12-31,2018-12-31
374,DEX.V,"04/20/2020, 01:56:32",0.17,55190000.0,9380000.0,3100000.0,0.0,0.0,0,0.0,10927.0,657.0,0.0,0.0,2018-12-31,ttm,ttm
375,DFR.V,"04/20/2020, 01:56:53",0.105,68900000.0,7230000.0,5910000.0,0,0,0,0.0,1575.0,967.0,0.0,-100.0,2019-06-30,2019-06-30,2019-06-30
376,DG.V,"04/20/2020, 01:57:15",0.12,25660000.0,3080000.0,1610000.0,0,0,0,0.0,1716.0,18.0,0.0,-512.0,2018-12-31,2018-12-31,2018-12-31
377,DGHI.V,"04/20/2020, 01:57:35",0.23,0,0,0.0,0,0,0,0.0,0.0,0.0,0.0,0.0,Null,ttm,ttm
378,DGO.V,"04/20/2020, 01:57:55",0.05,46230000.0,2310000.0,2110000.0,0.0,0.0,0,0.0,324.0,142.0,0.0,-336.0,2019-07-31,2019-07-31,2019-07-31
379,DHR.V,"04/20/2020, 01:58:15",0.055,39670000.0,2180000.0,2370000.0,0,0,0.0,0.0,22.0,498.0,0.0,-153.0,2019-09-30,2019-09-30,2019-09-30
380,DIA.V,"04/20/2020, 01:58:35",0.03,54690000.0,1640000.0,1640000.0,0,0,0,0.0,46.0,78.0,0.0,-439.0,2019-05-31,2019-05-31,2019-05-31
381,DJI.V,"04/20/2020, 01:58:56",0.025,152300000.0,3810000.0,3980000.0,0.0,0.0,0.0,0.0,100.0,1381.0,0.0,-572.0,2018-11-30,2018-11-30,2018-11-30
382,DLC.V,"04/20/2020, 01:59:16",0.05,29030000.0,1450000.0,8780000.0,0,0,0.0,0.0,315.0,1202.0,0.0,34.0,2018-12-31,2018-12-31,2018-12-31
383,DLP.V,"04/20/2020, 01:59:37",0.1,5510000.0,0.0,4380000.0,0,0,0,0.0,256.0,37.0,0.0,-104.0,2018-12-31,2018-12-31,2018-12-31
384,DLS.V,"04/20/2020, 01:59:57",0.05,282530000.0,14130000.0,203280000.0,-1320000.0,0.0,0.0,0.0,0.0,197915.0,20372.0,-1896.0,2019-12-31,2019-12-31,2019-12-31
385,DLTA.V,"04/20/2020, 02:00:17",0.14,29050000.0,4070000.0000000005,3130000.0,0.0,0.0,0,0.0,938.0,132.0,0.0,-791.0,2019-12-31,2019-12-31,2019-12-31
386,DLV-H.V,"04/20/2020, 02:00:38",0.055,74340000.0,4090000.0,1670000.0,0.0,0.0,0,0.0,2423.0,41.0,0.0,-151.0,2019-11-30,2019-11-30,2019-11-30
387,DM.V,"04/20/2020, 02:00:57",0.115,226080000.0,26000000.0,25760000.0,-3080000.0,0.0,0.0,0.0,654.0,4947.0,2230.0,-2655.0,2018-12-31,2018-12-31,2018-12-31
388,DME.V,"04/20/2020, 02:01:17",0.19,43930000.0,8350000.0,6310000.0,0.0,0.0,0,0.0,969.0,119.0,0.0,-520.0,2019-09-30,2019-09-30,2019-09-30
389,DMGI.V,"04/20/2020, 02:01:38",0.065,96670000.0,6280000.0,1440000.0,-6520000.0,0.0,0.0,0.0,1133.0,8229.0,10103.0,-5846.0,2019-09-30,2019-09-30,2019-09-30
390,DMI.V,"04/20/2020, 02:01:58",0.11,65310000.0,7180000.0,9490000.0,-2009999.9999999998,0.0,0,0.0,139.0,7778.0,4114.0,-3011.0,2019-03-31,2019-03-31,2019-03-31
391,DMR.V,"04/20/2020, 02:02:19",0.025,26310000.0,0.0,0.0,0,0,0,0.0,80.0,18.0,0.0,-258.0,2019-07-31,2019-07-31,2019-07-31
392,DOS.V,"04/20/2020, 02:02:39",0.08,74910000.0,5990000.0,5770000.0,0,0,0,0.0,157.0,182.0,0.0,-150.0,2019-12-31,2019-12-31,2019-12-31
393,DSM.V,"04/20/2020, 02:03:00",0.055,79780000.0,4390000.0,4330000.0,0,0,0.0,0.0,9.0,1104.0,0.0,-386.0,2019-08-31,2019-08-31,2019-08-31
394,DSV.V,"04/20/2020, 02:03:19",0.45,210930000.0,94920000.0,83520000.0,-6670000.0,0.0,0.0,0.0,4692.0,230.0,0.0,-7304.0,2018-12-31,2018-12-31,2018-12-31
395,DSY.V,"04/20/2020, 02:03:39",0.81,11000000.0,9170000.0,7290000.0,0.0,0.0,0.0,0.0,2892.0,506.0,3809.0,840.0,2019-08-31,2019-08-31,2019-08-31
396,DURO-P.V,"04/20/2020, 02:03:58",0.125,6300000.0,0.0,0.0,0,0,0,0.0,0.0,0.0,0.0,0.0,Null,ttm,ttm
397,DV.V,"04/20/2020, 02:04:19",0.29,83460000.0,24200000.0,19720000.0,-6570000.0,0.0,0,0.0,2563.0,308.0,0.0,-8748.0,2018-12-31,2018-12-31,2018-12-31
398,DVG.V,"04/20/2020, 02:04:42",0.015,120060000.0,1800000.0,6540000.0,0.0,0.0,0,0.0,292.0,7347.0,7535.0,-189.0,2018-12-31,ttm,ttm
399,DVI.V,"04/20/2020, 02:05:04",0.05,0,1830000.0,0.0,0,0,0,0,812.0,1255.0,0.0,-888.0,2019-09-30,2019-09-30,2019-09-30
400,DWS.V,"04/20/2020, 02:05:26",0.17,200010000.0,34000000.0,55520000.0,-1800000.0,0.0,0.0,0.0,0.0,30095.0,28123.0,-2155.0,2019-03-31,2019-03-31,2019-03-31
401,DYA.V,"04/20/2020, 02:05:47",0.68,336730000.0,231670000.0,223200000.0,-11390000.0,0.0,0.0,0.0,109.0,3623.0,91.0,-6544.0,2018-12-31,2018-12-31,2018-12-31
402,DYG.V,"04/20/2020, 02:06:08",0.045,25030000.0,1130000.0,0.0,0,0,0,0.0,472.0,89.0,0.0,-440.0,2018-12-31,2018-12-31,2018-12-31
403,EAC.V,"04/20/2020, 02:06:28",0.07,120650000.0,8450000.0,16100000.000000002,-2480000.0,0.0,0,0.0,112.0,3375.0,1432.0,-2431.0,2018-12-31,2018-12-31,2018-12-31
404,EAC-WT.V,"04/20/2020, 02:06:49",0.02,0,0,0.0,0,0,0,0,0.0,0.0,0.0,0.0,Null,ttm,ttm
405,EAM.V,"04/20/2020, 02:07:09",0.105,180540000.0,18960000.0,22870000.0,-2690000.0,0.0,0.0,0.0,60.0,2598.0,0.0,-3364.0,2018-12-31,2018-12-31,2018-12-31
406,EAS.V,"04/20/2020, 02:07:31",0.045,94140000.0,4240000.0,4460000.0,0,0,0,0.0,61.0,2726.0,0.0,-974.0,2019-08-31,2019-08-31,2019-08-31
407,EAST.V,"04/20/2020, 02:07:51",0.015,84610000.0,1270000.0,3190000.0,-1860000.0,0.0,0.0,0.0,54.0,3168.0,1390.0,-2444.0,2019-07-31,2019-07-31,2019-07-31
408,EAU.V,"04/20/2020, 02:08:14",0.045,38790000.0,1610000.0,1800000.0,0.0,0.0,0.0,0.0,0.0,456.0,0.0,-773.0,2019-11-30,2019-11-30,2019-11-30
409,EBM.V,"04/20/2020, 02:08:34",1.34,68890000.0,92310000.0,91840000.0,0.0,0.0,0,0.0,625.0,335.0,1293.0,-178.0,2019-10-31,2019-10-31,2019-10-31
410,ECC.V,"04/20/2020, 02:08:54",0.12,63220000.0,7590000.0,4350000.0,-1910000.0,0.0,0,0.0,7645.0,444.0,0.0,-1125.0,2018-12-31,2018-12-31,2018-12-31
411,ECM.V,"04/20/2020, 02:09:16",0.25,177310000.0,44330000.0,45710000.0,0.0,0.0,0.0,0.0,813.0,4237.0,20.0,-869.0,2018-12-31,2018-12-31,2018-12-31
412,ECR.V,"04/20/2020, 02:09:36",0.12,190830000.0,22900000.0,17400000.0,2360000.0,0.0,0.0,0.0,7601.0,2081.0,0.0,-1044.0,2018-12-31,2018-12-31,2018-12-31
413,ECT.V,"04/20/2020, 02:09:56",0.015,31000000.0,0.0,2760000.0,-1850000.0,0.0,0,0.0,242.0,4530.0,4355.0,-1619.0,2018-12-31,2018-12-31,2018-12-31
414,EDG.V,"04/20/2020, 02:10:16",0.055,110410000.0,6070000.0,3570000.0,0,0,0,0.0,3482.0,88.0,0.0,-218.0,2018-12-31,2018-12-31,2018-12-31
415,EDW-H.V,"04/20/2020, 02:10:37",0.075,38670000.0,2900000.0,1780000.0,0,0,0,0.0,1229.0,240.0,0.0,-506.0,2018-12-31,2018-12-31,2018-12-31
416,EECC-P.V,"04/20/2020, 02:10:58",0.02,6100000.0,0.0,0.0,0,0,0,0.0,324.0,27.0,0.0,-91.0,2019-09-30,2019-09-30,2019-09-30
417,EGA.V,"04/20/2020, 02:11:17",0.03,37850000.0,1140000.0,1160000.0,0.0,0.0,0,0.0,24.0,3618.0,0.0,-715.0,2019-05-31,2019-05-31,2019-05-31
418,EGLD.V,"04/20/2020, 02:11:40",0.85,0,0,21010000.0,0,0,0,0.0,0.0,0.0,0.0,0.0,Null,ttm,ttm
419,EGM.V,"04/20/2020, 02:12:01",0.045,222610000.0,10020000.0,9650000.0,-1160000.0,0.0,0.0,0.0,94.0,637.0,0.0,-1178.0,2019-09-30,2019-09-30,2019-09-30
420,EGT.V,"04/20/2020, 02:12:21",0.06,227490000.0,13650000.0,22460000.0,-6640000.0,0.0,0,0.0,480.0,15573.0,3428.0,-7408.0,2019-09-30,2019-09-30,2019-09-30
421,EHT.V,"04/20/2020, 02:12:42",0.025,384580000.0,9610000.0,22160000.0,-3540000.0,0.0,0,0.0,132.0,32091.0,135.0,-2439.0,2019-11-30,2019-11-30,2019-11-30
422,EIL.V,"04/20/2020, 02:13:04",0.22,165300000.0,36370000.0,79060000.0,-13830000.0,0.0,0,0.0,137.0,103998.0,140939.0,-4132.0,2018-12-31,2018-12-31,2018-12-31
423,EKG.V,"04/20/2020, 02:13:26",0.035,141620000.0,4960000.0,5320000.0,0.0,0.0,0,0.0,139.0,1158.0,1076.0,-192.0,2018-12-31,2018-12-31,2018-12-31
424,EL.V,"04/20/2020, 02:13:46",0.02,232130000.0,4640000.0,3740000.0,-3760000.0,0.0,0.0,0.0,906.0,5112.0,3974.0,-3374.0,2018-12-31,2018-12-31,2018-12-31
425,ELC.V,"04/20/2020, 02:14:06",0.315,26840000.0,8450000.0,0.0,0,0,0,0.0,13143.0,179.0,1893.0,2090.0,2018-11-30,2018-11-30,2018-11-30
426,ELN.V,"04/20/2020, 02:14:26",0.03,61610000.0,1850000.0,0.0,0.0,0.0,0,0.0,1453.0,41.0,0.0,-568.0,2019-01-31,2019-01-31,2019-01-31
427,ELO.V,"04/20/2020, 02:14:46",0.24,38640000.0,9270000.0,9500000.0,0.0,0.0,0.0,0.0,190.0,358.0,0.0,-682.0,2019-03-31,2019-03-31,2019-03-31
428,ELXR.V,"04/20/2020, 02:15:06",0.04,558780000.0,22350000.0,27190000.0,-8300000.000000001,0.0,0.0,0.0,6566.0,3064.0,342.0,-4604.0,2018-09-30,2018-09-30,2018-09-30
429,ELY.V,"04/20/2020, 02:15:27",0.75,114910000.0,86180000.0,72040000.0,-2210000.0,0.0,0.0,0.0,4222.0,2779.0,2083.0,-1999.0,2019-12-31,2019-12-31,2019-12-31
430,EMC-WT-A.V,"04/20/2020, 02:15:48",0,0,0,0,0,0,0,0,0.0,0.0,0.0,0.0,Null,Null,Null
431,EMH.V,"04/20/2020, 02:16:08",0.165,182370000.0,30090000.0,51570000.0,-48790000.0,0.0,0.0,0.0,36042.0,36464.0,1948.0,-29089.0,2018-12-31,2018-12-31,2018-12-31
432,EMM.V,"04/20/2020, 02:16:28",0.105,85010000.0,8930000.0,8730000.0,-1110000.0,0.0,0,0.0,21.0,594.0,0.0,-1101.0,2018-12-31,2018-12-31,2018-12-31
433,EMN.V,"04/20/2020, 02:16:48",0.095,180970000.0,17190000.0,14610000.0,-7530000.0,0.0,0.0,0.0,4085.0,1028.0,0.0,-7620.0,2019-09-30,2019-09-30,2019-09-30
434,EMO.V,"04/20/2020, 02:17:08",0.035,50610000.0,1770000.0,2009999.9999999998,-1390000.0,0.0,0,0.0,69.0,2119.0,0.0,-1517.0,2019-09-30,2019-09-30,2019-09-30
435,EMPX.V,"04/20/2020, 02:17:28",0.025,60740000.0,1520000.0,0.0,0,0,0,0.0,2533.0,62.0,0.0,-1642.0,2019-03-31,2019-03-31,2019-03-31
436,EMR.V,"04/20/2020, 02:17:48",0.045,65220000.0,2930000.0,1540000.0,0,0,0.0,0.0,2265.0,1313.0,0.0,-1019.0,2018-12-31,2018-12-31,2018-12-31
437,EMX.V,"04/20/2020, 02:18:08",2.39,82470000.0,198130000.0,123640000.0,-10210000.0,0.0,0,0.0,74488.0,3732.0,1439.0,-13476.0,2019-12-31,2019-12-31,2019-12-31
438,ENA.V,"04/20/2020, 02:18:28",0.015,641930000.0,9630000.0,35370000.0,-7210000.0,0.0,0,0.0,45.0,25574.0,1424.0,-6112.0,2019-06-30,2019-06-30,2019-06-30
439,ENRG.V,"04/20/2020, 02:18:47",0.05,21550000.0,1080000.0,0.0,0.0,0.0,0,0.0,358.0,149.0,0.0,-1146.0,2019-06-30,2019-06-30,2019-06-30
440,ENTH-H.V,"04/20/2020, 02:19:07",0.24,7800000.0,1870000.0,1050000.0,0,0,0,0.0,144.0,24.0,0.0,-498.0,2018-12-31,2018-12-31,2018-12-31
441,ENW.V,"04/20/2020, 02:19:27",0.79,111110000.0,87780000.0,73500000.0,0.0,0.0,0.0,0.0,18665.0,12306.0,42842.0,-2413.0,2019-09-30,2019-09-30,2019-09-30
442,ENW-WT.V,"04/20/2020, 02:19:47",0,0,0,0,0,0,0,0,0.0,0.0,0.0,0.0,Null,Null,Null
443,EOG.V,"04/20/2020, 02:20:07",0.315,184700000.0,58180000.0,32810000.000000004,0,0,0,0.0,25082.0,1551.0,16948.0,10113.0,2019-03-31,2019-03-31,2019-03-31
444,EP.V,"04/20/2020, 02:20:26",0.035,75010000.0,2630000.0,1520000.0,0,0,0.0,0.0,1522.0,1868.0,0.0,-72.0,2018-12-31,2018-12-31,2018-12-31
445,EPI.V,"04/20/2020, 02:20:46",5.63,20760000.0,116890000.0,71100000.0,-14350000.0,0.0,0.0,0.0,53323.0,5593.0,0.0,-12250.0,2019-09-30,2019-09-30,2019-09-30
446,EPL.V,"04/20/2020, 02:21:07",0.095,93350000.0,8870000.0,3380000.0,0.0,0.0,0,0.0,4438.0,218.0,3076.0,-1067.0,2018-12-31,2018-12-31,2018-12-31
447,EPO-H.V,"04/20/2020, 02:21:27",0.025,45750000.0,1140000.0,10240000.0,0.0,0.0,0.0,0.0,3.0,24634.0,0.0,-795.0,2018-12-31,2018-12-31,2018-12-31
448,EQ.V,"04/20/2020, 02:21:47",0.98,54910000.0,53810000.0,49090000.0,0.0,0.0,0,0.0,584.0,4281.0,5868.0,-1385.0,2018-12-31,2018-12-31,2018-12-31
449,EQG.V,"04/20/2020, 02:22:07",0.03,30220000.0,0.0,5150000.0,0.0,0.0,0,0.0,25.0,5180.0,12562.0,1373.0,2019-02-28,2019-02-28,2019-02-28
450,EQTY.V,"04/20/2020, 02:22:27",0.045,28190000.0,1270000.0,0.0,0.0,0.0,0,0.0,35.0,114.0,0.0,-505.0,2019-08-31,2019-08-31,2019-08-31
451,ERA.V,"04/20/2020, 02:22:47",0.02,86490000.0,1730000.0,2510000.0,-1080000.0,0.0,0,0.0,589.0,1702.0,0.0,-730.0,2019-03-31,2019-03-31,2019-03-31
452,ERC.V,"04/20/2020, 02:23:07",0.1,48450000.0,4840000.0,4510000.0,0.0,0.0,0,0.0,827.0,3408.0,293.0,-414.0,2018-12-31,2018-12-31,2018-12-31
453,ERE-UN.V,"04/20/2020, 02:23:31",3.71,142040000.0,526970000.0,328390000.0,0,0,0.0,0.0,13972.0,1143429.0,41481.0,23013.0,2019-12-31,2019-12-31,2019-12-31
454,ESK.V,"04/20/2020, 02:23:50",0.16,118210000.0,18910000.0,18180000.0,0.0,0.0,0,0.0,60.0,652.0,0.0,-637.0,2019-02-28,2019-02-28,2019-02-28
455,ESU.V,"04/20/2020, 02:24:10",0.02,144860000.0,2900000.0,0.0,-1190000.0,0.0,0.0,0.0,3.0,985.0,0.0,-1745.0,2019-09-30,2019-09-30,2019-09-30
456,ESX.V,"04/20/2020, 02:24:30",0.4,18540000.0,7410000.0,0.0,0,0,0,0.0,46.0,370.0,0.0,-148.0,2019-09-30,2019-09-30,2019-09-30
457,ETF.V,"04/20/2020, 02:24:51",0.03,46690000.0,1400000.0,1170000.0,0,0,0,0.0,471.0,138.0,0.0,-158.0,2019-02-28,2019-02-28,2019-02-28
458,ETMC.V,"04/20/2020, 02:25:12",0.29,30480000.0,8840000.0,8570000.0,-2270000.0,0.0,0.0,0.0,277.0,455.0,0.0,-1933.0,2019-12-31,2019-12-31,2019-12-31
459,ETV-H.V,"04/20/2020, 02:25:32",0.035,6800000.0,0.0,0.0,0,0,0,0.0,262.0,21.0,0.0,-42.0,2019-07-31,2019-07-31,2019-07-31
460,EU.V,"04/20/2020, 02:25:54",0.16,159200000.0,25470000.0,19790000.0,0,0,0,0.0,925.0,303.0,0.0,-244.0,2018-12-31,2018-12-31,2018-12-31
461,EV.V,"04/20/2020, 02:26:13",0.045,107360000.0,4830000.0,4410000.0,0,0,0.0,0.0,42.0,674.0,0.0,-1043.0,2019-06-30,2019-06-30,2019-06-30
462,EVE.V,"04/20/2020, 02:26:34",0.075,287870000.0,21590000.0,31020000.0,-3750000.0,0.0,0.0,0.0,4717.0,6682.0,0.0,-8362.0,2018-10-31,2018-10-31,2018-10-31
463,EVER.V,"04/20/2020, 02:26:54",0.33,27620000.0,9120000.0,6870000.0,0,0,0,0.0,2247.0,87.0,0.0,-1146.0,2019-12-31,2019-12-31,2019-12-31
464,EVM.V,"04/20/2020, 02:27:14",0.28,84750000.0,23730000.0,13320000.0,-3640000.0,0.0,0.0,0.0,14165.0,1871.0,2433.0,-3014.0,2018-12-31,2018-12-31,2018-12-31
465,EVX.V,"04/20/2020, 02:27:34",0.02,43060000.0,0.0,0.0,0,0,0,0.0,16.0,1049.0,0.0,-1812.0,2019-04-30,2019-04-30,2019-04-30
466,EW.V,"04/20/2020, 02:27:54",0.035,89590000.0,3140000.0,-1010000.0,0.0,0.0,0,0.0,3658.0,2013.0,2761.0,1139.0,2019-03-31,2019-03-31,2019-03-31
467,EWK.V,"04/20/2020, 02:28:14",0.105,77500000.0,8140000.000000001,15890000.0,0.0,0.0,0.0,0.0,7.0,8821.0,0.0,-335.0,2019-11-30,2019-11-30,2019-11-30
468,EWS.V,"04/20/2020, 02:28:35",0.045,214360000.0,9650000.0,13280000.0,-1140000.0,0.0,0,0.0,13.0,6515.0,221.0,-781.0,2018-12-31,2018-12-31,2018-12-31
469,EXG.V,"04/20/2020, 02:28:58",0.005,350930000.0,1750000.0,1510000.0,0,0,0,0.0,269.0,212.0,0.0,-511.0,2018-12-31,2018-12-31,2018-12-31
470,EXP.V,"04/20/2020, 02:29:17",0.1,100470000.0,10050000.0,2450000.0,-5900000.0,0.0,0,0.0,1608.0,588.0,771.0,-2166.0,2018-11-30,2018-11-30,2018-11-30
471,EXX.V,"04/20/2020, 02:29:37",0.01,93150000.0,0.0,0.0,0,0,0,0.0,11.0,327.0,0.0,-918.0,2018-12-31,2018-12-31,2018-12-31
472,EYC.V,"04/20/2020, 02:29:57",0.26,49150000.0,12780000.0,5690000.0,-2950000.0,0.0,0.0,0.0,2156.0,1204.0,666.0,-4747.0,2019-02-28,2019-02-28,2019-02-28
473,F.V,"04/20/2020, 02:30:18",0.62,97720000.0,60580000.0,57800000.0,9100000.0,0.0,0.0,0.0,6167.0,7107.0,44381.0,4425.0,2018-09-30,2018-09-30,2018-09-30
474,FA.V,"04/20/2020, 02:30:38",0.16,58910000.0,9440000.0,-16850000.0,0,0,0,0.0,1454.0,2847.0,13241.0,-1264.0,2018-12-31,2018-12-31,2018-12-31
475,FBF.V,"04/20/2020, 02:30:58",0.36,8820000.0,3180000.0,2340000.0,0.0,0.0,0.0,0.0,500.0,167.0,2820.0,14.0,2018-12-31,2018-12-31,2018-12-31
476,FBR-H.V,"04/20/2020, 02:31:19",0.13,7110000.0,0.0,0.0,0,0,0.0,0.0,411.0,19.0,0.0,23.0,2018-12-31,2018-12-31,2018-12-31
477,FCA-DB.V,"04/20/2020, 02:31:38",66.0,0,0,0.0,0,0,0,0,0.0,0.0,0.0,0.0,Null,ttm,ttm
478,FCA-U.V,"04/20/2020, 02:31:58",4.01,6130000.0,23260000.0,0.0,3510000.0,0,0.0,0.0,6409.0,34301.0,4296.0,667.0,2019-12-31,2019-12-31,2019-12-31
479,FCA-UN.V,"04/20/2020, 02:32:18",5.52,8530000.0,47070000.0,0.0,3510000.0,0,0.0,0.0,6409.0,34301.0,4296.0,667.0,2019-12-31,2019-12-31,2019-12-31
480,FCA-WT-U.V,"04/20/2020, 02:32:38",0,0,0,0,0,0,0,0,0.0,0.0,0.0,0.0,Null,Null,Null
481,FCC.V,"04/20/2020, 02:32:57",0.145,387350000.0,56170000.0,58040000.0,-7820000.0,0.0,0.0,0.0,4420.0,9755.0,0.0,-9110.0,2019-12-31,2019-12-31,2019-12-31
482,FCD-UN.V,"04/20/2020, 02:33:18",4.85,30640000.0,148630000.0,372850000.0,0,0,0.0,0.0,12747.0,246135.0,36252.0,22480.0,2019-12-31,2019-12-31,2019-12-31
483,FCF.V,"04/20/2020, 02:33:38",0.65,38180000.0,24820000.0,215270000.0,33310000.000000004,0.0,0.0,0.0,5492.0,171799.0,133541.0,14648.0,2018-12-31,2018-12-31,2018-12-31
484,FCO.V,"04/20/2020, 02:33:59",0.035,44010000.0,1540000.0,1320000.0,0,0,0.0,0.0,712.0,61.0,0.0,-168.0,2018-12-31,2018-09-30,2018-09-30
485,FD.V,"04/20/2020, 02:34:18",3.05,90790000.0,276910000.0,268220000.00000003,0,0,0.0,0.0,317.0,8.0,0.0,-44.0,2018-12-31,2018-12-31,2018-12-31
486,FDI.V,"04/20/2020, 02:34:39",0.38,28650000.0,10890000.0,10510000.0,0,0,0,0.0,299.0,244.0,1761.0,-542.0,2018-12-31,2018-12-31,2018-12-31
487,FEO.V,"04/20/2020, 02:34:59",0.09,87560000.0,7880000.0,10150000.0,0,0,0.0,0.0,330.0,2225.0,0.0,-474.0,2018-03-31,2018-03-31,2018-03-31
488,FEX.V,"04/20/2020, 02:35:19",0.035,47760000.0,1670000.0,0.0,0.0,0.0,0,0.0,800.0,40.0,0.0,-58.0,2018-12-31,2018-12-31,2018-12-31
489,FFOX.V,"04/20/2020, 02:35:39",0.06,43220000.0,2590000.0,1880000.0,0,0,0,0.0,912.0,342.0,0.0,-1774.0,2018-12-31,2018-12-31,2018-12-31
490,FG.V,"04/20/2020, 02:35:59",0.055,60040000.0,3300000.0,3220000.0,0,0,0,0.0,52.0,627.0,0.0,-180.0,2019-06-30,2019-06-30,2019-06-30
491,FGC.V,"04/20/2020, 02:36:19",0.005,140460000.0,0.0,1420000.0,0.0,0.0,0,0.0,67293.0,2623526.0,0.0,61010.0,2018-12-31,2018-12-31,2018-12-31
492,FIL.V,"04/20/2020, 02:36:39",1.29,88220000.0,113800000.0,100120000.0,0,0,0.0,0.0,13753.0,3626.0,0.0,-23918.0,2019-12-31,2019-12-31,2019-12-31
493,FISH.V,"04/20/2020, 02:36:58",0.84,58860000.0,49440000.0,59110000.0,0,0,0.0,0.0,88.0,85.0,29.0,-790.0,2018-12-31,2018-12-31,2018-12-31
494,FL.V,"04/20/2020, 02:37:19",0.18,161160000.0,29010000.0,28410000.0,-1630000.0,0.0,0,0.0,735.0,702.0,0.0,-1265.0,2019-03-31,2019-03-31,2019-03-31
495,FLT.V,"04/20/2020, 02:37:39",0.68,177340000.0,120590000.0,107510000.0,-14810000.0,0.0,0.0,0.0,14309.0,2242.0,0.0,-10630.0,2018-12-31,2018-12-31,2018-12-31
496,FLT-WT.V,"04/20/2020, 02:37:58",0.145,0,0,0.0,0,0,0,0,0.0,0.0,0.0,0.0,Null,ttm,ttm
497,FLWR.V,"04/20/2020, 02:38:17",0.58,109430000.0,63470000.0,93080000.0,-25150000.0,0.0,0.0,0.0,27689.0,7587.0,2870.0,-9687.0,2018-12-31,2018-12-31,2018-12-31
498,FLWR-WT.V,"04/20/2020, 02:38:37",0.005,0,0,0.0,0,0,0,0,0.0,0.0,0.0,0.0,Null,ttm,ttm
499,FLX.V,"04/20/2020, 02:38:56",0.1,20940000.0,2089999.9999999998,1540000.0,0.0,0.0,0,0.0,37.0,145.0,0.0,-282.0,2018-12-31,2018-12-31,2018-12-31
500,FLY.V,"04/20/2020, 02:39:17",0.66,26650000.0,17590000.0,18630000.0,-3640000.0,0.0,0.0,0.0,4128.0,9158.0,21171.0,-2631.0,2019-12-31,2019-12-31,2019-12-31
501,FMC.V,"04/20/2020, 02:39:37",0.08,108740000.0,8700000.0,8640000.0,-1100000.0,0.0,0.0,0.0,139.0,598.0,0.0,-590.0,2019-11-30,2019-11-30,2019-11-30
502,FMG.V,"04/20/2020, 02:39:56",0.14,28080000.0,3930000.0,1250000.0,0,0,0,0.0,0.0,1794.0,0.0,10.0,2018-12-31,2018-12-31,2018-12-31
503,FMN.V,"04/20/2020, 02:40:17",0.03,31760000.0,0.0,1020000.0,-1670000.0,0.0,0.0,0.0,204.0,1235.0,0.0,-807.0,2019-07-31,2019-07-31,2019-07-31
504,FMS.V,"04/20/2020, 02:40:37",0.02,373940000.0,7480000.0,12820000.0,0,0,0.0,0.0,0.0,6969.0,0.0,-3025.0,2019-09-30,2019-09-30,2019-09-30
505,FNC.V,"04/20/2020, 02:40:57",0.04,158280000.0,6330000.0,-7400000.0,-1260000.0,0.0,0,0.0,16514.0,5005.0,0.0,-2219.0,2019-04-30,2019-04-30,2019-04-30
506,FNR.V,"04/20/2020, 02:41:18",0.025,83020000.0,2080000.0,4620000.0,-1790000.0,0.0,0.0,0.0,6598.0,6155.0,-3344.0,316.0,2018-12-31,2018-12-31,2018-12-31
507,FO.V,"04/20/2020, 02:41:37",0.115,981850000.0,112910000.0,100430000.0,-2029999.9999999998,0.0,0,0.0,6967.0,11203.0,15.0,-2181.0,2018-12-31,2018-12-31,2018-12-31
508,FOM.V,"04/20/2020, 02:41:58",0.12,130120000.0,15690000.0,15450000.0,-1400000.0,0.0,0.0,0.0,391.0,1103.0,0.0,-974.0,2019-12-31,2019-12-31,2019-12-31
509,FOR.V,"04/20/2020, 02:42:18",0.54,21040000.0,11360000.0,11530000.0,0.0,0.0,0.0,0.0,107.0,425.0,0.0,-518.0,2018-12-31,2018-12-31,2018-12-31
510,FORT.V,"04/20/2020, 02:42:38",0.115,71180000.0,8189999.999999999,-2500000.0,0.0,0.0,0,0.0,10575.0,217.0,2307.0,-482.0,2018-12-31,2018-12-31,2018-12-31
511,FP.V,"04/20/2020, 02:42:59",0.275,6900000.0,1900000.0,1830000.0,0,0,0,0.0,418.0,891.0,0.0,-317.0,2018-12-31,2018-12-31,2018-12-31
512,FPC.V,"04/20/2020, 02:43:20",0.26,226150000.0,58800000.0,65750000.0,-3120000.0,0.0,0.0,0.0,1116.0,49715.0,0.0,1734.0,2019-06-30,2019-06-30,2019-06-30
513,FPX.V,"04/20/2020, 02:43:40",0.16,163060000.0,26090000.0,32409999.999999996,-1040000.0,0.0,0.0,0.0,1728.0,8219.0,0.0,-697.0,2019-12-31,2019-12-31,2019-12-31
514,FRE.V,"04/20/2020, 02:43:59",0.075,78200000.0,5870000.0,5600000.0,-1260000.0,0.0,0,0.0,491.0,188.0,0.0,-1771.0,2019-03-31,2019-03-31,2019-03-31
515,FRI.V,"04/20/2020, 02:44:20",0.02,16830000.0,0.0,0.0,0,0,0,0.0,0.0,1898.0,0.0,-123.0,2019-01-31,2019-01-31,2019-01-31
516,FRKL.V,"04/20/2020, 02:44:41",0.02,216520000.0,4330000.0,2009999.9999999998,-7030000.0,0.0,0.0,0.0,2364.0,1372.0,3456.0,-7091.0,2019-12-31,2019-12-31,2019-12-31
517,FRN.V,"04/20/2020, 02:45:02",0.015,829780000.0,12450000.0,43620000.0,1810000.0,0.0,0.0,0.0,2139.0,77870.0,29122.0,-5785.0,2018-12-31,2018-12-31,2018-12-31
518,FRO-UN.V,"04/20/2020, 02:45:22",0.5,146610000.0,73300000.0,132250000.0,0,0,0.0,0.0,2308.0,77777.0,9388.0,3615.0,2019-12-31,2019-12-31,2019-12-31
519,FSW-H.V,"04/20/2020, 02:45:42",0.12,2680000.0,0.0,0.0,0.0,0.0,0,0.0,4.0,990.0,0.0,-289.0,2018-12-31,2018-12-31,2018-12-31
520,FSX.V,"04/20/2020, 02:46:02",1.2,44980000.0,53980000.0,34320000.0,-3430000.0,0.0,0.0,0.0,0.0,0.0,0.0,0.0,Null,ttm,ttm
521,FTEC.V,"04/20/2020, 02:46:22",0.025,70870000.0,1770000.0,2370000.0,0.0,0.0,0,0.0,64.0,4240.0,3025.0,-961.0,2018-12-31,2018-12-31,2018-12-31
522,FTI.V,"04/20/2020, 02:46:42",0.135,13670000.0,1850000.0,2100000.0,0,0,0,0.0,2.0,257.0,124.0,-165.0,2019-03-31,2019-03-31,2019-03-31
523,FUND.V,"04/20/2020, 02:47:02",0.21,67910000.0,14260000.0,15880000.0,-1670000.0,0.0,0,0.0,2539.0,3577.0,1225.0,-1405.0,2018-12-31,2018-12-31,2018-12-31
524,FURA.V,"04/20/2020, 02:47:24",0.105,243280000.0,25540000.0,25330000.0,-26990000.0,0.0,0.0,0.0,77.0,22327.0,0.0,-19870.0,2018-12-31,2018-12-31,2018-12-31
525,FUSE.V,"04/20/2020, 02:47:45",0.085,28780000.0,2450000.0,1130000.0,-1700000.0,0.0,0,0.0,47.0,318.0,0.0,-1166.0,2018-12-31,2018-12-31,2018-12-31
526,FUU.V,"04/20/2020, 02:48:05",0.065,141850000.0,9220000.0,8320000.0,-1970000.0,0.0,0,0.0,3036.0,499.0,0.0,-1556.0,2019-06-30,2019-06-30,2019-06-30
527,FV.V,"04/20/2020, 02:48:25",0.04,53720000.0,2150000.0,2500000.0,0,0,0,0.0,17.0,379.0,0.0,-161.0,2019-03-31,2019-03-31,2019-03-31
528,FVAN.V,"04/20/2020, 02:48:45",0.2,42420000.0,8480000.0,7220000.0,-1310000.0,0.0,0,0.0,1264.0,429.0,0.0,-1151.0,2019-11-30,2019-11-30,2019-11-30
529,FW.V,"04/20/2020, 02:49:06",0.12,77690000.0,9320000.0,12590000.0,0.0,0.0,0.0,0.0,8770.0,25486.0,4594.0,-1589.0,2018-12-31,2018-12-31,2018-12-31
530,FW-DB-B.V,"04/20/2020, 02:49:26",0,0,0,0,0,0,0,0,0.0,0.0,0.0,0.0,Null,Null,Null
531,FWZ.V,"04/20/2020, 02:49:45",0.4,41600000.0,16640000.0,13520000.0,-1330000.0,0.0,0,0.0,1576.0,1039.0,0.0,-1507.0,2018-12-31,2018-12-31,2018-12-31
532,FYL.V,"04/20/2020, 02:50:05",0.035,93280000.0,3260000.0,2560000.0,0,0,0,0.0,253.0,1579.0,0.0,-104.0,2018-12-31,2018-12-31,2018-12-31
533,GAIA.V,"04/20/2020, 02:50:25",0.03,202500000.0,6080000.0,4410000.0,0,0,0.0,0.0,963.0,89.0,0.0,-116.0,2019-01-31,2019-01-31,2019-01-31
534,GAL.V,"04/20/2020, 02:50:45",0.3,32320000.0,9700000.0,12770000.0,-2190000.0,0.0,0.0,0.0,6189.0,8419.0,71.0,-466.0,2018-12-31,2018-12-31,2018-12-31
535,GAME.V,"04/20/2020, 02:51:05",0.57,19620000.0,11190000.0,23080000.0,-10750000.0,0.0,0,0.0,2827.0,18353.0,4219.0,-4665.0,2019-08-31,2019-08-31,2019-08-31
536,GAR-H.V,"04/20/2020, 02:51:25",0.01,10500000.0,0.0,0.0,0,0,0,0.0,2.0,690.0,0.0,0.0,2018-12-31,2018-12-31,2018-12-31
537,GB.V,"04/20/2020, 02:51:45",0.09,13360000.0,1200000.0,0.0,0.0,0.0,0.0,0.0,696.0,851.0,6433.0,666.0,2018-12-31,2018-12-31,2018-12-31
538,GBLT.V,"04/20/2020, 02:52:05",0.035,112530000.0,3940000.0,3940000.0,0,0,0.0,0.0,311.0,6181.0,20701.0,-2172.0,2018-12-31,2018-12-31,2018-12-31
539,GBML.V,"04/20/2020, 02:52:25",0.1,32299999.999999996,3230000.0,4880000.0,0,0,0,0.0,748.0,180.0,0.0,-1019.0,2019-04-30,2019-04-30,2019-04-30
540,GBR.V,"04/20/2020, 02:52:45",7.83,47320000.0,370490000.0,343660000.0,0,0,0,0.0,13540.0,1332.0,0.0,-1720.0,2018-12-31,2018-12-31,2018-12-31
541,GBU.V,"04/20/2020, 02:53:05",0.55,574250000.0,315840000.0,374160000.0,-35160000.0,0.0,0,0.0,25730.0,91417.0,0.0,-28070.0,2019-12-31,2019-12-31,2019-12-31
542,GCC-H.V,"04/20/2020, 02:53:25",0.03,24850000.0,0.0,0.0,0,0,0,0.0,23.0,52.0,0.0,-122.0,2019-09-30,2019-09-30,2019-09-30
543,GCN.V,"04/20/2020, 02:53:45",0.11,41190000.0,4530000.0,3970000.0,0,0,0,0.0,879.0,117.0,0.0,-638.0,2019-10-31,2019-10-31,2019-10-31
544,GCR.V,"04/20/2020, 02:54:06",0.05,25280000.0,1260000.0,1100000.0,0.0,0.0,0,0.0,34.0,373.0,0.0,-153.0,2019-04-30,2019-04-30,2019-04-30
545,GCX.V,"04/20/2020, 02:54:28",0.045,46310000.0,2080000.0,1530000.0,0,0,0.0,0.0,109.0,203.0,0.0,-1245.0,2019-07-31,2019-07-31,2019-07-31
546,GDBO.V,"04/20/2020, 02:54:48",0.01,39630000.0,0.0,2040000.0,0.0,0.0,0,0.0,30.0,1871.0,0.0,-328.0,2019-06-30,2019-06-30,2019-06-30
547,GDM.V,"04/20/2020, 02:55:08",0.015,113180000.0,1700000.0,1840000.0,0.0,0.0,0.0,0.0,41.0,603.0,0.0,-545.0,2018-12-31,2018-12-31,2018-12-31
548,GDNP.V,"04/20/2020, 02:55:29",0.11,103970000.0,11440000.0,17100000.0,-1570000.0,0.0,0,0.0,2903.0,7821.0,5103.0,-2405.0,2018-12-31,2018-12-31,2018-12-31
549,GDP.V,"04/20/2020, 02:55:49",0.225,15780000.0,3550000.0,3600000.0,0.0,0.0,0,0.0,6.0,520.0,0.0,-349.0,2019-09-30,2019-09-30,2019-09-30
550,GDX.V,"04/20/2020, 02:56:09",0.085,14870000.0,1260000.0,2450000.0,0.0,0.0,0,0.0,7.0,2206.0,0.0,-119.0,2018-12-31,2018-12-31,2018-12-31
551,GEMC.V,"04/20/2020, 02:56:29",0.02,97300000.0,1950000.0,2049999.9999999998,0,0,0.0,0.0,355.0,109.0,0.0,-858.0,2019-06-30,2019-06-30,2019-06-30
552,GENX.V,"04/20/2020, 02:56:49",0.2,52510000.0,10500000.0,7540000.0,0.0,0.0,0,0.0,31.0,82.0,137.0,-58.0,2019-10-31,2019-10-31,2019-10-31
553,GER.V,"04/20/2020, 02:57:09",0.11,82870000.0,9120000.0,9700000.0,0.0,0.0,0.0,0.0,144.0,1197.0,2110.0,-208.0,2018-12-31,2018-12-31,2018-12-31
554,GFG.V,"04/20/2020, 02:57:29",0.18,109850000.0,19770000.0,16450000.0,-1130000.0,0.0,0.0,0.0,1561.0,923.0,0.0,-1160.0,2019-06-30,2019-06-30,2019-06-30
555,GG.V,"04/20/2020, 02:57:48",0.09,200800000.0,18070000.0,31600000.0,5980000.0,0.0,0.0,0.0,4173.0,31370.0,44650.0,4223.0,2018-12-31,2018-12-31,2018-12-31
556,GGAU.V,"04/20/2020, 02:58:08",0.04,25910000.0,1040000.0,0.0,0.0,0.0,0.0,0.0,303.0,246.0,0.0,-1116.0,2019-03-31,2019-03-31,2019-03-31
557,GGG.V,"04/20/2020, 02:58:28",0.095,82610000.0,7850000.0,7920000.0,0.0,0.0,0.0,0.0,100.0,221.0,946.0,-528.0,2019-05-31,2019-05-31,2019-05-31
558,GGI.V,"04/20/2020, 02:58:48",0.67,115910000.0,77660000.0,70050000.0,-2260000.0,0.0,0.0,0.0,12522.0,3118.0,0.0,-1111.0,2019-01-31,2019-01-31,2019-01-31
559,GGL.V,"04/20/2020, 02:59:08",0.065,27290000.0,1770000.0,1530000.0,0.0,0.0,0,0.0,207.0,77.0,0.0,-253.0,2019-11-30,2019-11-30,2019-11-30
560,GGM.V,"04/20/2020, 02:59:28",0.11,82560000.0,9080000.0,10270000.0,-1820000.0,0.0,0,0.0,168.0,6911.0,0.0,-1482.0,2019-06-30,2019-06-30,2019-06-30
561,GGO.V,"04/20/2020, 02:59:50",0.06,256220000.00000003,15370000.0,15920000.0,-1290000.0,0.0,0,0.0,2005.0,3270.0,0.0,-1189.0,2019-11-30,2019-11-30,2019-11-30
562,GGX.V,"04/20/2020, 03:00:11",0.06,23450000.0,1410000.0,1380000.0,-2350000.0,0.0,0,0.0,60.0,1158.0,0.0,-847.0,2019-06-30,2019-06-30,2019-06-30
563,GHL.V,"04/20/2020, 03:00:31",0.09,11830000.0,1060000.0,1050000.0,0,0,0,0.0,61.0,505.0,0.0,-432.0,2019-07-31,2019-07-31,2019-07-31
564,GHR.V,"04/20/2020, 03:00:50",0.09,29670000.0,2670000.0,2380000.0,0,0,0,0.0,341.0,47.0,0.0,-68.0,2019-06-30,2019-06-30,2019-06-30
565,GIG-P.V,"04/20/2020, 03:01:11",0.1,8410000.0,0.0,0.0,0,0,0,0.0,415.0,11.0,0.0,-100.0,2019-10-31,2019-10-31,2019-10-31
566,GIGA.V,"04/20/2020, 03:01:31",0.19,55100000.0,10470000.0,8330000.0,-2140000.0,0.0,0.0,0.0,3089.0,312.0,0.0,-1344.0,2018-12-31,2018-12-31,2018-12-31
567,GIII.V,"04/20/2020, 03:01:52",0.175,82290000.0,14400000.0,24940000.0,0,0,0,0.0,2116.0,1957.0,0.0,-6416.0,2018-12-31,2018-12-31,2018-12-31
568,GIS.V,"04/20/2020, 03:02:12",0.24,43760000.0,10500000.0,6780000.0,-2650000.0,0.0,0,0.0,495.0,572.0,0.0,-1612.0,2019-03-31,2019-03-31,2019-03-31
569,GIT.V,"04/20/2020, 03:02:33",0.005,105230000.0,0.0,0.0,0.0,0.0,0.0,0.0,41.0,238.0,0.0,-367.0,2018-12-31,2018-12-31,2018-12-31
570,GLB.V,"04/20/2020, 03:02:55",0.09,84180000.0,7580000.0,7040000.0,0.0,0.0,0,0.0,263.0,8697.0,0.0,-316.0,2018-12-31,2018-12-31,2018-12-31
571,GLD.V,"04/20/2020, 03:03:17",0.41,16860000.0,6910000.0,6380000.0,-1040000.0,0.0,0,0.0,752.0,112.0,0.0,-233.0,2019-06-30,2019-06-30,2019-06-30
572,GLDN.V,"04/20/2020, 03:03:37",0.04,98430000.0,3940000.0,3140000.0,0.0,0.0,0,0.0,1703.0,669.0,0.0,-777.0,2019-06-30,2019-06-30,2019-06-30
573,GLDX.V,"04/20/2020, 03:03:57",2.01,37780000.0,75940000.0,61840000.0,-6090000.0,0.0,0,0.0,3055.0,18397.0,0.0,-8901.0,2018-12-31,2018-12-31,2018-12-31
574,GLI.V,"04/20/2020, 03:04:21",0.11,43480000.0,4780000.0,4330000.0,0.0,0.0,0,0.0,18.0,638.0,0.0,-437.0,2019-03-31,2019-03-31,2019-03-31
575,GLW.V,"04/20/2020, 03:04:40",0.11,41630000.0,4580000.0,-1060000.0,0,0,0,0.0,6466.0,78.0,0.0,-1134.0,2018-12-31,2018-12-31,2018-12-31
576,GLXY.V,"04/20/2020, 03:05:01",0.99,64590000.0,63940000.0,63940000.0,0,0,0,0.0,0.0,0.0,0.0,0.0,2019-12-31,2019-12-31,2019-12-31
577,GMA.V,"04/20/2020, 03:05:22",0.165,103270000.0,17040000.0,15740000.0,0.0,0.0,0,0.0,33.0,942.0,0.0,-735.0,2019-05-31,2019-05-31,2019-05-31
578,GMC.V,"04/20/2020, 03:05:42",0.065,14790000.0,0.0,0.0,0,0,0,0.0,698.0,297.0,0.0,-803.0,2019-03-31,2019-03-31,2019-03-31
579,GMN.V,"04/20/2020, 03:06:04",0.205,49810000.0,10210000.0,-11000000.0,0.0,0.0,0.0,0.0,19431.0,3489.0,-72.0,-1437.0,2018-12-31,2018-12-31,2018-12-31
580,GMV.V,"04/20/2020, 03:06:25",0.095,42730000.0,4059999.9999999995,3960000.0,0,0,0,0.0,851.0,217.0,0.0,-256.0,2019-06-30,2019-06-30,2019-06-30
581,GNC.V,"04/20/2020, 03:06:45",0.035,84200000.0,2950000.0,2830000.0,0.0,0.0,0,0.0,992.0,149.0,0.0,-722.0,2019-03-31,2019-03-31,2019-03-31
582,GNF.V,"04/20/2020, 03:07:05",0.1,17980000.0,1800000.0,63670000.0,1520000.0,0.0,0.0,0.0,565.0,70202.0,30962.0,14872.0,2018-12-31,2018-12-31,2018-12-31
583,GNG.V,"04/20/2020, 03:07:26",0.06,107660000.0,6460000.0,5300000.0,0.0,0.0,0,0.0,1369.0,176.0,0.0,-1084.0,2019-08-31,2019-08-31,2019-08-31
584,GOAL-P.V,"04/20/2020, 03:07:45",0.1,0,0,0.0,0,0,0,0.0,0.0,0.0,0.0,0.0,Null,ttm,ttm
585,GOE.V,"04/20/2020, 03:08:05",0.01,23580000.0,0.0,0.0,0,0,0,0.0,1.0,51.0,0.0,-52.0,2019-04-30,2019-04-30,2019-04-30
586,GOG.V,"04/20/2020, 03:08:25",0.055,109810000.0,6040000.0,4480000.0,0,0,0,0.0,513.0,26.0,0.0,-339.0,2018-12-31,2018-12-31,2018-12-31
587,GOK.V,"04/20/2020, 03:08:45",0.01,149790000.0,1500000.0,6980000.0,0.0,0.0,0,0.0,194.0,7249.0,2639.0,-477.0,2019-12-31,2019-12-31,2019-12-31
588,GOLO.V,"04/20/2020, 03:09:06",0.28,139160000.0,38960000.0,31740000.0,-11090000.0,0.0,0.0,0.0,559.0,80.0,6.0,-89.0,2018-12-31,2018-12-31,2018-12-31
589,GOM.V,"04/20/2020, 03:09:28",0.07,19670000.0,1380000.0,8790000.0,1670000.0,0.0,0,0.0,5.0,10637.0,0.0,-1415.0,2018-11-30,2018-11-30,2018-11-30
590,GOT.V,"04/20/2020, 03:09:48",0.13,8090000.0,1050000.0,0.0,0,0,0,0.0,896.0,68.0,0.0,-3335.0,2019-06-30,2019-06-30,2019-06-30
591,GPCC-P.V,"04/20/2020, 03:10:08",0.06,6290000.0,0.0,0.0,0,0,0,0.0,242.0,7.0,0.0,-144.0,2019-07-31,2019-07-31,2019-07-31
592,GPG.V,"04/20/2020, 03:10:30",0.2,67000000.0,13400000.0,12120000.0,0,0,0,0.0,306.0,230.0,0.0,-529.0,2019-10-31,2019-10-31,2019-10-31
593,GPH.V,"04/20/2020, 03:10:50",0.235,40610000.0,9540000.0,10660000.0,0,0,0.0,0.0,465.0,753.0,0.0,-1602.0,2018-12-31,2018-12-31,2018-12-31
594,GPM.V,"04/20/2020, 03:11:11",0.04,63120000.0,2520000.0,2069999.9999999998,0,0,0,0.0,413.0,159.0,0.0,-810.0,2018-12-31,2018-12-31,2018-12-31
595,GPV.V,"04/20/2020, 03:11:31",0.24,108210000.0,25970000.0,38220000.0,-2040000.0,0.0,0.0,0.0,198.0,11996.0,6083.0,-5914.0,2019-03-31,2019-03-31,2019-03-31
596,GPY.V,"04/20/2020, 03:11:51",0.27,156880000.0,42360000.0,37360000.0,-8640000.0,0.0,0.0,0.0,905.0,1909.0,0.0,-14304.0,2018-12-31,2018-12-31,2018-12-31
597,GQC.V,"04/20/2020, 03:12:13",0.15,257070000.0,38560000.0,21370000.0,-2400000.0,0.0,0,0.0,18496.0,557.0,0.0,-4001.0,2018-12-31,2018-12-31,2018-12-31
598,GQM-H.V,"04/20/2020, 03:12:32",0.245,0,3320000.0,0.0,0,0,0,0,5725.0,88323.0,58403.0,-12864.0,2018-12-31,2018-12-31,2018-12-31
599,GR.V,"04/20/2020, 03:12:53",0.415,8570000.0,3560000.0,3010000.0,-1090000.0,0.0,0,0.0,197.0,487.0,0.0,-1069.0,2019-02-28,2019-02-28,2019-02-28
600,GRA.V,"04/20/2020, 03:13:13",1.43,140230000.0,200520000.0,188650000.0,-7120000.0,0.0,0.0,0.0,27819.0,54749.0,69521.0,-3939.0,2019-06-30,2019-06-30,2019-06-30
601,GRAT.V,"04/20/2020, 03:13:32",0.06,56370000.0,3380000.0,3760000.0,0,0,0.0,0.0,2559.0,516.0,0.0,-2544.0,2018-12-31,2018-12-31,2018-12-31
602,GRB.V,"04/20/2020, 03:13:53",0.71,22200000.0,15760000.0,12940000.0,0.0,0.0,0.0,0.0,1071.0,6262.0,0.0,-1191.0,2018-12-31,2018-12-31,2018-12-31
603,GRDM.V,"04/20/2020, 03:14:13",0.115,57550000.0,6620000.0,3920000.0,0.0,0.0,0,0.0,1530.0,236.0,0.0,-504.0,2018-12-31,2018-12-31,2018-12-31
604,GRF.V,"04/20/2020, 03:14:32",0.24,59730000.0,14340000.0,32710000.0,4230000.0,0.0,0.0,0.0,458.0,59.0,0.0,-166.0,2018-12-31,2018-12-31,2018-12-31
605,GRG.V,"04/20/2020, 03:14:52",0.13,119500000.0,15540000.0,-9530000.0,-6940000.0,0.0,0.0,0.0,438.0,11957.0,0.0,-7971.0,2018-12-31,2018-12-31,2018-12-31
606,GRI.V,"04/20/2020, 03:15:13",0.01,130280000.0,1300000.0,1780000.0,0.0,0.0,0.0,0.0,1.0,1686.0,0.0,-415.0,2019-03-31,2019-03-31,2019-03-31
607,GRN.V,"04/20/2020, 03:15:33",0.445,91390000.0,40670000.0,39440000.0,0,0,0.0,0.0,524.0,90.0,0.0,0.0,2018-12-31,ttm,ttm
608,GRN-WT.V,"04/20/2020, 03:15:54",0,0,0,0,0,0,0,0,0.0,0.0,0.0,0.0,Null,Null,Null
609,GROW.V,"04/20/2020, 03:16:16",0.115,67720000.0,7790000.0,7370000.0,0,0,0.0,0.0,1320.0,955.0,3.0,-1093.0,2018-12-31,2018-12-31,2018-12-31
610,GRSL.V,"04/20/2020, 03:16:36",0.245,85920000.0,21050000.0,16530000.000000002,-3460000.0,0.0,0,0.0,1284.0,350.0,0.0,-4105.0,2018-12-31,2018-12-31,2018-12-31
611,GRZ.V,"04/20/2020, 03:16:58",2.05,99390000.0,203760000.0,141270000.0,-7040000.0,0.0,0.0,0.0,62000.0,984.0,0.0,-10274.0,2019-12-31,2019-12-31,2019-12-31
612,GSD.V,"04/20/2020, 03:17:18",0.22,49830000.0,15350000.0,19870000.0,-3390000.0,0.0,0.0,0.0,244.0,7071.0,5938.0,-1158.0,2019-07-31,2019-07-31,2019-07-31
613,GSGS-P.V,"04/20/2020, 03:17:37",0.02,7300000.0,0.0,0.0,0,0,0,0.0,0.0,0.0,0.0,0.0,Null,ttm,ttm
614,GSH.V,"04/20/2020, 03:17:57",0.05,38620000.0,1930000.0,2230000.0,0,0,0,0.0,0.0,2471.0,10.0,-469.0,2018-12-31,2018-12-31,2018-12-31
615,GSI.V,"04/20/2020, 03:18:18",0.18,87900000.0,15820000.0,14200000.0,0.0,0.0,0.0,0.0,2119.0,2331.0,13726.0,-2151.0,2019-08-31,2019-08-31,2019-08-31
616,GSP.V,"04/20/2020, 03:18:38",0.09,382830000.0,34450000.0,27080000.0,-2960000.0,0.0,0.0,0.0,7490.0,2071.0,0.0,-157.0,2019-12-31,2019-12-31,2019-12-31
617,GSPR.V,"04/20/2020, 03:18:57",0.11,11730000.0,1290000.0,0.0,0,0,0,0.0,523.0,24.0,0.0,-117.0,2019-05-31,2019-05-31,2019-05-31
618,GSR.V,"04/20/2020, 03:19:17",0.22,9520000.0,2089999.9999999998,0.0,0.0,0.0,0,0.0,2673.0,420.0,0.0,-549.0,2018-12-31,2018-12-31,2018-12-31
619,GSS.V,"04/20/2020, 03:19:37",0.04,33830000.0,1350000.0,1290000.0,0,0,0,0.0,81.0,154.0,0.0,-416.0,2019-03-31,2019-03-31,2019-03-31
620,GTC.V,"04/20/2020, 03:19:57",0.03,108430000.0,3250000.0,4880000.0,0.0,0.0,0.0,0.0,6.0,1934.0,0.0,-122.0,2018-12-31,2018-12-31,2018-12-31
621,GTEC.V,"04/20/2020, 03:20:17",0.15,136080000.0,20410000.0,25100000.0,-7300000.0,0.0,0.0,0.0,2507.0,8907.0,2361.0,-8565.0,2019-11-30,2019-11-30,2019-11-30
622,GTG.V,"04/20/2020, 03:20:38",0.38,23280000.0,8850000.0,9640000.0,0.0,0.0,0,0.0,75.0,300.0,0.0,-140.0,2019-04-30,2019-04-30,2019-04-30
623,GTR.V,"04/20/2020, 03:20:58",0.285,47620000.0,13570000.0,13100000.0,0,0,0.0,0.0,8003.0,529.0,0.0,0.0,2019-03-31,ttm,ttm
624,GTT.V,"04/20/2020, 03:21:18",1.22,122930000.0,149980000.0,131810000.0,-14530000.0,0.0,0,0.0,3663.0,425.0,0.0,-12704.0,2018-12-31,2018-12-31,2018-12-31
625,GTWO.V,"04/20/2020, 03:21:38",0.46,103890000.0,47790000.0,43180000.0,0,0,0,0.0,1102.0,966.0,0.0,-254.0,2019-05-31,2019-05-31,2019-05-31
626,GUF.V,"04/20/2020, 03:21:58",0.23,21290000.0,4900000.0,27220000.0,0,0,0.0,0.0,355.0,26437.0,3992.0,1908.0,2018-12-31,2018-12-31,2018-12-31
627,GUG.V,"04/20/2020, 03:22:19",0.035,66099999.99999999,2310000.0,1460000.0,0,0,0,0.0,956.0,249.0,0.0,660.0,2018-12-31,2018-12-31,2018-12-31
628,GUN.V,"04/20/2020, 03:22:39",0.485,43500000.0,21100000.0,21020000.0,0,0,0.0,0.0,1072.0,2238.0,0.0,-40.0,2018-12-31,2018-12-31,2018-12-31
629,GUS.V,"04/20/2020, 03:22:59",0.4,24000000.0,9600000.0,1150000.0,0,0,0,0.0,1598.0,69.0,0.0,-42.0,2019-01-31,2019-01-31,2019-01-31
630,GVR.V,"04/20/2020, 03:23:19",0.165,26900000.0,4440000.0,1210000.0,0,0,0,0.0,3124.0,28.0,0.0,-128.0,2019-08-31,2019-08-31,2019-08-31
631,GWA.V,"04/20/2020, 03:23:39",0.145,78100000.0,11320000.0,23090000.0,-3240000.0,0.0,0.0,0.0,284.0,24688.0,0.0,-2320.0,2019-10-31,2019-10-31,2019-10-31
632,GWM.V,"04/20/2020, 03:23:59",0.34,128789999.99999999,43790000.0,34320000.0,0,0,0,0.0,7058.0,614.0,0.0,-5874.0,2018-12-31,2018-12-31,2018-12-31
633,GXL.V,"04/20/2020, 03:24:19",0.015,24150000.0,0.0,0.0,0,0,0,0.0,29.0,621.0,29.0,-60.0,2019-06-30,2019-06-30,2019-06-30
634,GXS.V,"04/20/2020, 03:24:38",0.135,374200000.0,50520000.0,37630000.0,-4460000.0,0.0,0.0,0.0,399.0,738.0,0.0,-2667.0,2018-12-31,2018-12-31,2018-12-31
635,GXU.V,"04/20/2020, 03:24:58",0.175,438580000.0,76750000.0,85570000.0,-6990000.0,0.0,0,0.0,1206.0,8719.0,0.0,-3540.0,2018-12-31,2018-12-31,2018-12-31
636,GYA.V,"04/20/2020, 03:25:18",0.025,58450000.0,1460000.0,2260000.0,0,0,0.0,0.0,1498.0,274.0,0.0,-1562.0,2018-06-30,2018-06-30,2018-06-30
637,GYSR.V,"04/20/2020, 03:25:38",0.09,39010000.0,3510000.0,4670000.0,-2440000.0,0.0,0.0,0.0,1879.0,1047.0,0.0,-46.0,2019-03-31,2017-12-31,2017-12-31
638,GZD.V,"04/20/2020, 03:25:58",0.04,67090000.0,2680000.0,2610000.0,0.0,0.0,0,0.0,124.0,270.0,0.0,-165.0,2019-07-31,2019-07-31,2019-07-31
639,GZZ.V,"04/20/2020, 03:26:20",0.44,134350000.0,59110000.0,77950000.0,-1240000.0,0.0,0,0.0,2851.0,4604.0,363.0,-4836.0,2018-12-31,2018-12-31,2018-12-31
640,HAN.V,"04/20/2020, 03:26:40",0.205,73600000.0,15090000.0,12130000.0,0,0,0.0,0.0,371.0,636.0,0.0,-868.0,2019-05-31,2019-05-31,2019-05-31
641,HAND.V,"04/20/2020, 03:26:59",0.04,54940000.0,2200000.0,2360000.0,0.0,0.0,0.0,0.0,303.0,153.0,0.0,-603.0,2019-01-31,2019-01-31,2019-01-31
642,HAR.V,"04/20/2020, 03:27:19",0.15,40050000.0,6010000.0,3050000.0,-1530000.0,0.0,0,0.0,2287.0,193.0,0.0,-1215.0,2019-01-31,2019-01-31,2019-01-31
643,HAWK.V,"04/20/2020, 03:27:39",0.015,58510000.0,0.0,1890000.0,0.0,0.0,0,0.0,0.0,1584.0,0.0,-325.0,2019-05-31,2019-05-31,2019-05-31
644,HBE.V,"04/20/2020, 03:27:59",0.05,106370000.0,5320000.0,6040000.0,0,0,0,0.0,5.0,1888.0,30.0,0.0,2019-03-31,2019-03-31,2019-03-31
645,HBK.V,"04/20/2020, 03:28:18",0.005,139910000.0,0.0,8029999.999999999,0.0,0.0,0.0,0.0,19.0,8249.0,0.0,-226.0,2018-12-31,2018-12-31,2018-12-31
646,HCC.V,"04/20/2020, 03:28:38",0.02,33030000.0,0.0,0.0,0,0,0.0,0.0,0.0,900.0,0.0,-180.0,2019-06-30,2019-06-30,2019-06-30
647,HEI.V,"04/20/2020, 03:28:58",0.04,19900000.0,0.0,0.0,0.0,0.0,0,0.0,87.0,169.0,62.0,-320.0,2018-12-31,2018-12-31,2018-12-31
648,HELX.V,"04/20/2020, 03:29:18",0.1,51450000.0,5140000.0,1910000.0,-2410000.0,0.0,0,0.0,4691.0,87.0,0.0,-2149.0,2019-12-31,2019-12-31,2019-12-31
649,HEM.V,"04/20/2020, 03:29:38",0.01,604440000.0,6040000.0,4750000.0,0,0,0,0.0,1471.0,1174.0,0.0,-2689.0,2018-12-31,2018-12-31,2018-12-31
650,HEO.V,"04/20/2020, 03:29:58",0.75,76870000.0,57650000.0,84130000.0,6990000.0,0.0,0.0,0.0,6227.0,34138.0,117958.0,5761.0,2019-06-30,2019-06-30,2019-06-30
651,HEO-WT.V,"04/20/2020, 03:30:17",0.03,0,0,0.0,0,0,0,0,0.0,0.0,0.0,0.0,Null,ttm,ttm
652,HFC.V,"04/20/2020, 03:30:38",0.18,15910000.0,5590000.0,11160000.0,0,0,0,0.0,1022.0,13996.0,13158.0,-1203.0,2019-08-31,2019-08-31,2019-08-31
653,HFC-PR-A.V,"04/20/2020, 03:30:57",0,0,0,0,0,0,0,0,0.0,0.0,0.0,0.0,Null,Null,Null
654,HI.V,"04/20/2020, 03:31:18",0.03,472930000.0,14190000.0,33910000.0,-2410000.0,0.0,0,0.0,605.0,18959.0,0.0,-4030.0,2019-06-30,2019-06-30,2019-06-30
655,HIGH.V,"04/20/2020, 03:31:42",0.95,40000000.0,38000000.0,24380000.0,0.0,0.0,0.0,0.0,0.0,0.0,0.0,0.0,Null,ttm,ttm
656,HIP-WT-A.V,"04/20/2020, 03:32:03",0,0,0,0,0,0,0,0,0.0,0.0,0.0,0.0,Null,Null,Null
657,HIRE.V,"04/20/2020, 03:32:23",0.19,24040000.0,4570000.0,9340000.0,-3260000.0,0.0,0.0,0.0,893.0,26.0,0.0,-26.0,2019-03-31,2019-03-31,2019-03-31
658,HIT.V,"04/20/2020, 03:32:43",0.005,97190000.0,0.0,2730000.0,0.0,0.0,0,0.0,114.0,2424.0,2639.0,-957.0,2019-06-30,2019-06-30,2019-06-30
659,HIVE.V,"04/20/2020, 03:33:03",0.24,342150000.0,82120000.0,75590000.0,0.0,0.0,0.0,0.0,12984.0,5813.0,31824.0,-1642.0,2019-03-31,2019-03-31,2019-03-31
660,HME.V,"04/20/2020, 03:33:24",0.07,88900000.0,6220000.0,37310000.0,16950000.0,0.0,0.0,0.0,2417.0,43327.0,17756.0,2230.0,2018-12-31,2018-12-31,2018-12-31
661,HMT.V,"04/20/2020, 03:33:44",0.59,83940000.0,61320000.0,159450000.0,0,0,0.0,0.0,39.0,78678.0,5558.0,1232.0,2018-12-31,2018-12-31,2018-12-31
662,HOC.V,"04/20/2020, 03:34:04",0.275,13260000.0,3650000.0,2530000.0,0.0,0.0,0,0.0,1112.0,119.0,0.0,-605.0,2019-12-31,2019-12-31,2019-12-31
663,HOCL.V,"04/20/2020, 03:34:24",20.0,6010000.0,120280000.0,156810000.0,6180000.0,0.0,0.0,0.0,0.0,101966.0,29876.0,-2512.0,2018-12-31,2018-12-31,2018-12-31
664,HPI.V,"04/20/2020, 03:34:44",0.22,9880000.0,2170000.0,2170000.0,0.0,0.0,0,0.0,110.0,17.0,0.0,-67.0,2018-12-31,2018-12-31,2018-12-31
665,HPQ.V,"04/20/2020, 03:35:04",0,230370000.0,17280000.0,18260000.0,-1010000.0,0.0,0.0,0.0,684.0,4151.0,0.0,-3289.0,2018-12-31,2018-12-31,2018-12-31
666,HPY.V,"04/20/2020, 03:35:26",0.075,105030000.0,7880000.0,6250000.0,0.0,0.0,0,0.0,930.0,996.0,0.0,-549.0,2019-01-31,2019-01-31,2019-01-31
667,HRE.V,"04/20/2020, 03:35:46",0.01,187310000.0,1870000.0,17150000.0,0,0,0,0.0,83.0,15379.0,0.0,-5191.0,2018-12-31,2018-12-31,2018-12-31
668,HRH.V,"04/20/2020, 03:36:06",0.015,123680000.0,1860000.0,3030000.0,-1150000.0,0.0,0,0.0,21.0,3788.0,52.0,-566.0,2018-12-31,2018-12-31,2018-12-31
669,HRL.V,"04/20/2020, 03:36:26",0.02,57410000.0,1150000.0,0.0,0,0,0,0.0,642.0,95.0,0.0,-322.0,2019-06-30,2019-06-30,2019-06-30
670,HSC-P.V,"04/20/2020, 03:36:46",0.095,0,0,0.0,0,0,0,0.0,0.0,0.0,0.0,0.0,Null,ttm,ttm
671,HSI.V,"04/20/2020, 03:37:06",0.04,117640000.0,4710000.0,6240000.0,-2780000.0,0.0,0,0.0,91.0,959.0,1291.0,-2472.0,2018-12-31,2018-12-31,2018-12-31
672,HTC.V,"04/20/2020, 03:37:29",0.08,111360000.0,8910000.0,20710000.0,-2140000.0,0.0,0.0,0.0,2767.0,12267.0,1024.0,-3014.0,2018-12-31,2018-12-31,2018-12-31
673,HTE-P.V,"04/20/2020, 03:37:48",0.02,11200000.0,0.0,0.0,0,0,0,0.0,558.0,5.0,0.0,-62.0,2019-12-31,2019-12-31,2019-12-31
674,HTL.V,"04/20/2020, 03:38:08",1.02,125280000.0,127790000.0,130550000.00000001,5600000.0,0.0,0.0,0.0,13670.0,14394.0,29214.0,4307.0,2018-12-31,2018-12-31,2018-12-31
675,HTR.V,"04/20/2020, 03:38:29",0.06,36660000.0,2200000.0,2190000.0,0.0,0.0,0,0.0,8.0,4578.0,0.0,-73.0,2019-10-31,2019-10-31,2019-10-31
676,HUD.V,"04/20/2020, 03:38:49",0.09,178390000.0,16059999.999999998,57810000.0,-10420000.0,0.0,0.0,0.0,1469.0,34133.0,0.0,-2209.0,2019-03-31,2019-03-31,2019-03-31
677,HVG.V,"04/20/2020, 03:39:09",0.08,8870000.0,0.0,0.0,0,0,0,0.0,433.0,67.0,0.0,-751.0,2019-03-31,2019-03-31,2019-03-31
678,HVT.V,"04/20/2020, 03:39:30",0.065,215080000.0,13980000.0,20150000.0,-19960000.0,0.0,0.0,0.0,20301.0,9188.0,11465.0,-19964.0,2019-06-30,2019-06-30,2019-06-30
679,HVT-WT.V,"04/20/2020, 03:39:50",0,0,0,0,0,0,0,0,0.0,0.0,0.0,0.0,Null,Null,Null
680,HWY.V,"04/20/2020, 03:40:10",0.09,36950000.0,3330000.0,2860000.0,0.0,0.0,0,0.0,326.0,483.0,0.0,-154.0,2018-12-31,2018-12-31,2018-12-31
681,HYD.V,"04/20/2020, 03:40:30",0.01,69900000.0,0.0,0.0,-6190000.0,0.0,0.0,0.0,698.0,13464.0,24162.0,-1665.0,2018-12-31,2018-12-31,2018-12-31
682,HZ.V,"04/20/2020, 03:40:49",0.025,31680000.0,0.0,0.0,0,0,0,0.0,307.0,669.0,0.0,-689.0,2018-12-31,2018-12-31,2018-12-31
683,IB.V,"04/20/2020, 03:41:10",0.195,61020000.0,11900000.0,18060000.0,-1210000.0,0.0,0.0,0.0,720.0,13450.0,18668.0,-3295.0,2019-06-30,2019-06-30,2019-06-30
684,IBC-H.V,"04/20/2020, 03:41:29",0.01,20930000.0,0.0,0.0,0,0,0,0.0,60.0,438.0,0.0,-154.0,2018-12-31,2018-12-31,2018-12-31
685,IBIT.V,"04/20/2020, 03:41:49",0.19,35420000.0,6730000.0,-1850000.0,0,0,0,0.0,6399.0,481.0,0.0,-4568.0,2019-12-31,2019-12-31,2019-12-31
686,IBT.V,"04/20/2020, 03:42:09",0.125,24770000.0,3100000.0,1670000.0,0.0,0.0,0.0,0.0,2580.0,1813.0,4308.0,-453.0,2019-07-31,2019-07-31,2019-07-31
687,ICAU.V,"04/20/2020, 03:42:28",0.23,18040000.0,4150000.0000000005,8010000.0,2080000.0,0.0,0,0.0,1610.0,5171.0,28398.0,-600.0,2018-03-31,2018-03-31,2018-03-31
688,ICL.V,"04/20/2020, 03:42:48",0.45,21810000.0,9810000.0,-3430000.0,0,0,0,0.0,13245.0,176.0,0.0,-1311.0,2019-12-31,2019-12-31,2019-12-31
689,ICM.V,"04/20/2020, 03:43:08",0.045,82630000.0,3720000.0,5730000.0,0.0,0.0,0,0.0,111.0,4623.0,0.0,-4.0,2019-08-31,2019-08-31,2019-08-31
690,ICO.V,"04/20/2020, 03:43:27",0.04,153750000.0,6150000.0,4590000.0,-1590000.0,0.0,0,0.0,10.0,802.0,0.0,-1104.0,2018-12-31,2018-12-31,2018-12-31
691,ID.V,"04/20/2020, 03:43:48",0.01,147220000.0,1470000.0,1620000.0,0.0,0.0,0,0.0,87.0,1024.0,1085.0,-903.0,2018-12-31,2018-12-31,2018-12-31
692,IDL.V,"04/20/2020, 03:44:08",0.01,206690000.0,2069999.9999999998,2580000.0,-1650000.0,0.0,0,0.0,129.0,22471.0,748.0,-4325.0,2018-12-31,2018-12-31,2018-12-31
693,IEI.V,"04/20/2020, 03:44:28",3.35,9500000.0,31810000.0,151280000.0,0,0,0.0,0.0,1311.0,129968.0,16598.0,9928.0,2019-09-30,2019-09-30,2019-09-30
694,IFOS.V,"04/20/2020, 03:44:47",0.34,183520000.0,62400000.0,263399999.99999997,-4250000.0,0.0,0.0,0.0,29109.0,368505.0,339430.0,35036.0,2019-12-31,2019-12-31,2019-12-31
695,IFR.V,"04/20/2020, 03:45:08",0.01,243390000.0,2430000.0,1490000.0,-1570000.0,0.0,0,0.0,425.0,756.0,0.0,-1670.0,2018-12-31,2018-12-31,2018-12-31
696,IFX.V,"04/20/2020, 03:45:27",0.51,50010000.0,25510000.0,41870000.0,6210000.0,0.0,0.0,0.0,310.0,25215.0,86332.0,1134.0,2018-12-31,2018-12-31,2018-12-31
697,IGO.V,"04/20/2020, 03:45:47",0.05,56290000.0,2810000.0,2600000.0,-1550000.0,0.0,0.0,0.0,2299.0,189.0,0.0,-909.0,2018-12-31,2018-12-31,2018-12-31
698,IGP.V,"04/20/2020, 03:46:07",0.25,7330000.0,1830000.0,4990000.0,0.0,0.0,0.0,0.0,5113.0,8016.0,7813.0,999.0,2019-06-30,2019-06-30,2019-06-30
699,IGX.V,"04/20/2020, 03:46:28",0.265,110260000.0,28810000.0,36090000.0,-8830000.0,0.0,0.0,0.0,1912.0,10727.0,742.0,-8199.0,2019-12-31,2019-12-31,2019-12-31
700,IGX-DB.V,"04/20/2020, 03:46:48",0,0,0,0,0,0,0,0,0.0,0.0,0.0,0.0,Null,Null,Null
701,IGX-WT.V,"04/20/2020, 03:47:07",0.03,0,0,0.0,0,0,0,0,0.0,0.0,0.0,0.0,Null,ttm,ttm
702,ILA.V,"04/20/2020, 03:47:27",0.16,108650000.0,17380000.0,23020000.0,-1130000.0,0.0,0.0,0.0,4253.0,3483.0,9212.0,-621.0,2018-12-31,2018-12-31,2018-12-31
703,ILC.V,"04/20/2020, 03:47:50",0.045,132600000.0,5970000.0,13400000.0,0,0,0.0,0.0,246.0,7997.0,0.0,-1315.0,2018-12-31,2018-12-31,2018-12-31
704,ILI.V,"04/20/2020, 03:48:09",0.06,73460000.0,4410000.0,3440000.0,0,0,0,0.0,346.0,164.0,0.0,-1275.0,2019-01-31,2019-01-31,2019-01-31
705,IMA.V,"04/20/2020, 03:48:29",0.04,93730000.0,3750000.0,30600000.0,-2049999.9999999998,0.0,0,0.0,241.0,24156.0,0.0,-1408.0,2019-04-30,2019-04-30,2019-04-30
706,IMI.V,"04/20/2020, 03:48:49",0.015,171300000.0,2570000.0,2720000.0,0.0,0.0,0.0,0.0,15.0,188.0,0.0,-158.0,2018-12-31,2018-12-31,2018-12-31
707,IMIN.V,"04/20/2020, 03:49:09",0.035,29090000.0,1020000.0,1010000.0,0.0,0.0,0,0.0,169.0,196.0,304.0,47.0,2019-05-31,2019-05-31,2019-05-31
708,IMR.V,"04/20/2020, 03:49:29",0.03,118230000.0,3550000.0,3290000.0,0,0,0.0,0.0,593.0,102.0,0.0,-759.0,2019-05-31,2019-05-31,2019-05-31
709,IMT.V,"04/20/2020, 03:49:51",0.03,46540000.0,1400000.0,1770000.0,0,0,0.0,0.0,11.0,844.0,0.0,-302.0,2019-08-31,2019-08-31,2019-08-31
710,INEO.V,"04/20/2020, 03:50:10",0.17,12810000.0,6880000.0,2380000.0,0.0,0.0,0,0.0,17.0,25.0,0.0,-281.0,2019-05-31,2019-05-31,2019-05-31
711,INLA.V,"04/20/2020, 03:50:31",0.14,25260000.0,3540000.0,2710000.0,0,0,0,0.0,741.0,77.0,0.0,-718.0,2019-02-28,2019-02-28,2019-02-28
712,INP.V,"04/20/2020, 03:50:51",0.73,61920000.0,45200000.0,51660000.0,0.0,0.0,0.0,0.0,11439.0,27117.0,44018.0,22721.0,2019-09-30,2019-09-30,2019-09-30
713,INX.V,"04/20/2020, 03:51:10",0.36,22510000.0,8100000.0,7480000.0,1200000.0,0.0,0.0,0.0,1382.0,1823.0,19255.0,1547.0,2019-12-31,2019-12-31,2019-12-31
714,IO.V,"04/20/2020, 03:51:30",0.29,27510000.0,7980000.0,15510000.0,-1230000.0,0.0,0.0,0.0,1820.0,15074.0,34574.0,1315.0,2019-04-30,2019-04-30,2019-04-30
715,IOM.V,"04/20/2020, 03:51:50",1.09,34650000.0,37760000.0,40420000.0,6250000.0,0.0,0.0,0.0,830.0,21123.0,14812.0,-361.0,2018-12-31,2018-12-31,2018-12-31
716,IOT.V,"04/20/2020, 03:52:11",0.1,36240000.0,3620000.0,3640000.0,0.0,0.0,0.0,0.0,28.0,178.0,826.0,-280.0,2018-12-31,2018-12-31,2018-12-31
717,IOU.V,"04/20/2020, 03:52:30",0.07,87630000.0,6130000.0,47380000.0,0,0,0.0,0.0,0.0,31875.0,15739.0,7614.0,2018-12-31,2018-12-31,2018-12-31
718,IPA.V,"04/20/2020, 03:52:50",0.86,69240000.0,59550000.0,60690000.0,-3850000.0,0.0,0.0,0.0,5472.0,10277.0,10926.0,-3207.0,2019-04-30,2019-04-30,2019-04-30
719,IPD.V,"04/20/2020, 03:53:11",0.075,16510000.000000002,1240000.0,1040000.0,0.0,0.0,0.0,0.0,412.0,1167.0,4825.0,-182.0,2019-07-31,2019-07-31,2019-07-31
720,IPG.V,"04/20/2020, 03:53:31",0.045,77800000.0,3500000.0,3160000.0,0.0,0.0,0,0.0,177.0,597.0,0.0,-913.0,2019-08-31,2019-08-31,2019-08-31
721,IPT.V,"04/20/2020, 03:53:52",0.36,110260000.0,39690000.0,36100000.0,0.0,0.0,0.0,0.0,3776.0,7476.0,13311.0,-917.0,2019-12-31,2019-12-31,2019-12-31
722,IQ.V,"04/20/2020, 03:54:14",0.22,29830000.0,6560000.0,4840000.0,0.0,0.0,0.0,0.0,717.0,1045.0,3682.0,480.0,2019-03-31,2019-03-31,2019-03-31
723,IRI.V,"04/20/2020, 03:54:33",0.01,94810000.0,0.0,0.0,0,0,0,0.0,1128.0,21.0,0.0,-75.0,2019-10-31,2019-10-31,2019-10-31
724,IRO.V,"04/20/2020, 03:54:55",0.155,22620000.0,3510000.0,10500000.0,2390000.0,0.0,0.0,0.0,2463.0,12218.0,47266.0,2200.0,2018-12-31,2018-12-31,2018-12-31
725,IRR.V,"04/20/2020, 03:55:16",0.2,20140000.0,4030000.0000000005,4019999.9999999995,0.0,0.0,0,0.0,10.0,220.0,0.0,-47.0,2019-11-30,2019-11-30,2019-11-30
726,ISD.V,"04/20/2020, 03:55:36",0.06,136620000.0,8199999.999999999,10900000.0,0.0,0.0,0,0.0,93.0,4499.0,25.0,-800.0,2019-04-30,2019-04-30,2019-04-30
727,ISGI.V,"04/20/2020, 03:55:55",0.12,10000000.0,4930000.0,2350000.0,0,0,0,0.0,18.0,325.0,0.0,-394.0,2019-06-30,2019-06-30,2019-06-30
728,ISO.V,"04/20/2020, 03:56:15",0.56,84270000.0,47190000.0,40810000.0,-1480000.0,0.0,0.0,0.0,6587.0,1517.0,0.0,-1915.0,2019-12-31,2019-12-31,2019-12-31
729,ISS.V,"04/20/2020, 03:56:35",0.09,5080000.0,0.0,0.0,0.0,0.0,0,0.0,17.0,169.0,0.0,-608.0,2019-06-30,2019-06-30,2019-06-30
730,ITG.V,"04/20/2020, 03:56:56",0.035,18180000.0,0.0,0.0,0.0,0.0,0.0,0.0,1675.0,686.0,0.0,-420.0,2019-03-31,2019-03-31,2019-03-31
731,ITM.V,"04/20/2020, 03:57:16",0.05,53300000.0,2660000.0,3390000.0,0.0,0.0,0.0,0.0,13.0,1204.0,603.0,-302.0,2018-12-31,2018-12-31,2018-12-31
732,ITR.V,"04/20/2020, 03:57:35",0.96,129960000.00000001,114780000.0,84470000.0,-19860000.0,0.0,0.0,0.0,31323.0,47155.0,0.0,-20149.0,2019-12-31,2019-12-31,2019-12-31
733,ITT.V,"04/20/2020, 03:57:56",0.045,206430000.0,9290000.0,9420000.0,-2060000.0,0.0,0.0,0.0,497.0,697.0,222.0,-1187.0,2019-01-31,2019-01-31,2019-01-31
734,IVI.V,"04/20/2020, 03:58:16",0.015,90580000.0,1360000.0,3840000.0,0.0,0.0,0,0.0,119.0,3164.0,3051.0,302.0,2018-12-31,2018-12-31,2018-12-31
735,IVS.V,"04/20/2020, 03:58:35",0.13,122700000.0,15950000.0,16000000.0,0.0,0.0,0,0.0,26.0,179.0,0.0,-489.0,2019-12-31,2019-12-31,2019-12-31
736,IVX.V,"04/20/2020, 03:58:55",0.115,4410000.0,0.0,2600000.0,0.0,0.0,0.0,0.0,52.0,2671.0,5656.0,479.0,2019-12-31,2019-12-31,2019-12-31
737,IXI.V,"04/20/2020, 03:59:14",0.01,92020000.0,0.0,0.0,0,0,0,0.0,57.0,296.0,0.0,-84.0,2019-09-30,2019-09-30,2019-09-30
738,IZ.V,"04/20/2020, 03:59:34",0.025,36650000.0,0.0,1660000.0,0,0,0.0,0.0,41.0,1085.0,696.0,-589.0,2019-06-30,2019-06-30,2019-06-30
739,IZN.V,"04/20/2020, 03:59:54",0.015,114690000.0,1720000.0,1420000.0,0,0,0,0.0,598.0,86.0,0.0,-388.0,2018-12-31,2018-12-31,2018-12-31
740,JADE.V,"04/20/2020, 04:00:14",0.06,42270000.0,2540000.0,2390000.0,0.0,0.0,0,0.0,406.0,100.0,0.0,0.0,2019-09-30,2019-09-30,2019-09-30
741,JAEG.V,"04/20/2020, 04:00:34",0.02,48080000.0,0.0,1030000.0,0,0,0.0,0.0,0.0,341.0,0.0,-31.0,2018-11-30,2018-11-30,2018-11-30
742,JAX.V,"04/20/2020, 04:00:55",0.065,125780000.0,8180000.0,6580000.0,0.0,0.0,0,0.0,529.0,580.0,0.0,-1057.0,2019-01-31,2019-01-31,2019-01-31
743,JCO.V,"04/20/2020, 04:01:15",0.13,128610000.00000001,16719999.999999998,15150000.0,-2009999.9999999998,0.0,0.0,0.0,1579.0,670.0,237.0,-1514.0,2019-12-31,2019-12-31,2019-12-31
744,JDN.V,"04/20/2020, 04:01:35",0.015,91000000.0,1360000.0,1260000.0,0,0,0,0.0,20429.0,173.0,0.0,-286.0,2018-12-31,2018-12-31,2018-12-31
745,JEC.V,"04/20/2020, 04:01:56",0.05,69080000.0,3450000.0,24590000.0,7570000.0,0.0,0.0,0.0,1388.0,39674.0,11903.0,4241.0,2018-12-31,2018-12-31,2018-12-31
746,JFC-H.V,"04/20/2020, 04:02:15",0.02,10910000.0,0.0,0.0,0,0,0,0.0,244.0,106.0,-32.0,-36.0,2019-12-31,2019-12-31,2019-12-31
747,JG.V,"04/20/2020, 04:02:35",0.255,140100000.0,35730000.0,30610000.0,-3880000.0,0.0,0.0,0.0,6326.0,1798.0,0.0,-3461.0,2018-12-31,2018-12-31,2018-12-31
748,JLR.V,"04/20/2020, 04:02:55",0.02,31290000.0,0.0,0.0,0.0,0.0,0,0.0,1248.0,521.0,0.0,-97.0,2019-02-28,2019-02-28,2019-02-28
749,JOR.V,"04/20/2020, 04:03:15",0.01,58870000.0,0.0,0.0,0,0,0,0.0,539.0,834.0,0.0,-985.0,2018-12-31,2018-12-31,2018-12-31
750,JP.V,"04/20/2020, 04:03:36",0.01,128789999.99999999,1290000.0,6080000.0,-2020000.0,0.0,0,0.0,25.0,12331.0,2115.0,-2247.0,2018-12-31,2018-12-31,2018-12-31
751,JP-WT.V,"04/20/2020, 04:03:55",0,0,0,0,0,0,0,0,0.0,0.0,0.0,0.0,Null,Null,Null
752,JP-WT-J.V,"04/20/2020, 04:04:16",0,0,0,0,0,0,0,0,0.0,0.0,0.0,0.0,Null,Null,Null
753,JPWR-UN.V,"04/20/2020, 04:04:36",0.13,230500000.0,29970000.0,54240000.0,6320000.0,0.0,0.0,0.0,1277.0,41891.0,17337.0,2418.0,2018-12-31,2018-12-31,2018-12-31
754,JRV.V,"04/20/2020, 04:04:56",0.14,641630000.0,97960000.0,89830000.0,0,0,0,0,4187.0,2639.0,3959.0,0.0,2019-06-30,2019-06-30,2019-06-30
755,JSE.V,"04/20/2020, 04:05:16",0.5,0,230520000.0,0.0,0,0,0,0,52981.0,514287.0,113423.0,17763.0,2018-12-31,2018-12-31,2018-12-31
756,JSP-H.V,"04/20/2020, 04:05:39",0.03,16460000.0,0.0,0.0,0.0,0.0,0,0.0,60.0,436.0,0.0,-71.0,2018-12-31,2018-12-31,2018-12-31
757,JTC.V,"04/20/2020, 04:05:59",1.45,2720000.0,3940000.0,1600000.0,0.0,0.0,0.0,0.0,2195.0,406.0,2311.0,547.0,2019-07-31,2019-07-31,2019-07-31
758,JTR.V,"04/20/2020, 04:06:19",0.09,230870000.0,20780000.0,27370000.0,-4120000.0,0.0,0.0,0.0,0.0,32819.0,67441.0,-396.0,2019-03-31,2019-03-31,2019-03-31
759,JUGR.V,"04/20/2020, 04:06:40",0.165,16129999.999999998,2660000.0,1270000.0,0.0,0.0,0,0.0,492.0,158.0,0.0,-508.0,2019-09-30,2019-09-30,2019-09-30
760,JWCA.V,"04/20/2020, 04:07:00",0.025,109420000.0,2740000.0,22390000.0,-5410000.0,0.0,0.0,0.0,1267.0,13855.0,2821.0,-9472.0,2019-09-30,2019-09-30,2019-09-30
761,JWCA-H.V,"04/20/2020, 04:07:20",0.02,109420000.0,2190000.0,22390000.0,-5410000.0,0.0,0.0,0.0,1267.0,13855.0,2821.0,-9472.0,2019-09-30,2019-09-30,2019-09-30
762,KANA.V,"04/20/2020, 04:07:43",0.15,12750000.0,1910000.0,1340000.0,0,0,0,0.0,778.0,70.0,0.0,-95.0,2019-10-31,2019-10-31,2019-10-31
763,KAPA-P.V,"04/20/2020, 04:08:02",0.2,5000000.0,1000000.0,0.0,0,0,0,0.0,268.0,4.0,0.0,-54.0,2019-04-30,2019-04-30,2019-04-30
764,KC.V,"04/20/2020, 04:08:25",0.12,68250000.0,8189999.999999999,32460000.0,-2130000.0,0.0,0.0,0.0,174.0,31864.0,0.0,-990.0,2019-04-30,2019-04-30,2019-04-30
765,KCC.V,"04/20/2020, 04:08:46",0.055,137940000.0,7590000.0,4550000.0,-1280000.0,0.0,0,0.0,937.0,736.0,0.0,-746.0,2018-12-31,2018-12-31,2018-12-31
766,KDA.V,"04/20/2020, 04:09:06",0.205,118420000.0,24280000.0,34890000.0,0.0,0.0,0,0.0,1233.0,22666.0,23094.0,-2351.0,2019-07-31,2019-07-31,2019-07-31
767,KDK.V,"04/20/2020, 04:09:26",0.26,36650000.0,9530000.0,7610000.0,-1470000.0,0.0,0,0.0,812.0,1255.0,0.0,-888.0,2019-09-30,2019-09-30,2019-09-30
768,KEN.V,"04/20/2020, 04:09:46",0.035,101640000.0,3560000.0,2310000.0,-1410000.0,0.0,0,0.0,520.0,58.0,0.0,-4034.0,2018-12-31,2018-12-31,2018-12-31
769,KES.V,"04/20/2020, 04:10:06",0.035,37760000.0,1320000.0,1150000.0,0,0,0.0,0.0,1071.0,507.0,0.0,-211.0,2019-07-31,2019-07-31,2019-07-31
770,KFG.V,"04/20/2020, 04:10:29",0.02,50540000.0,1010000.0,0.0,0.0,0.0,0.0,0.0,592.0,592.0,1430.0,70.0,2019-04-30,2019-04-30,2019-04-30
771,KG.V,"04/20/2020, 04:10:49",0.22,113090000.0,24880000.0,25270000.0,-1900000.0,0.0,0.0,0.0,1267.0,279.0,0.0,-1237.0,2019-02-28,2019-02-28,2019-02-28
772,KGC.V,"04/20/2020, 04:11:08",0.015,67400000.0,1010000.0,0.0,0.0,0.0,0,0.0,90.0,53.0,0.0,-87.0,2019-09-30,2019-09-30,2019-09-30
773,KGL.V,"04/20/2020, 04:11:29",0.005,169700000.0,0.0,0.0,-1270000.0,0.0,0,0.0,318.0,672.0,0.0,-796.0,2019-09-30,2019-09-30,2019-09-30
774,KHRN.V,"04/20/2020, 04:11:49",0.59,116610000.0,68800000.0,23710000.0,-33320000.0,0.0,0.0,0.0,18882.0,14811.0,891.0,-14774.0,2018-12-31,2018-12-31,2018-12-31
775,KIDZ.V,"04/20/2020, 04:12:09",0.3,131120000.0,39340000.0,38640000.0,-1650000.0,0.0,0.0,0.0,641.0,90.0,106.0,-2109.0,2018-12-31,2018-12-31,2018-12-31
776,KING.V,"04/20/2020, 04:12:32",0.02,68050000.0,1360000.0,1600000.0,0.0,0.0,0.0,0.0,17.0,605.0,0.0,-236.0,2018-12-31,2018-12-31,2018-12-31
777,KIP.V,"04/20/2020, 04:12:53",0.09,2590000.0,0.0,0.0,0.0,0.0,0,0.0,20.0,257.0,0.0,4.0,2018-12-31,2018-12-31,2018-12-31
778,KKL-P.V,"04/20/2020, 04:13:13",0.115,4000000.0,0.0,0.0,0,0,0,0.0,168.0,0.0,0.0,-49.0,2019-12-31,2019-12-31,2019-12-31
779,KLM.V,"04/20/2020, 04:13:34",0.005,65400000.00000001,0.0,0.0,0,0,0,0.0,0.0,322.0,0.0,-24.0,2019-10-31,2019-10-31,2019-10-31
780,KLY.V,"04/20/2020, 04:13:55",0.02,515460000.00000006,10310000.0,13460000.0,0,0,0.0,0.0,227.0,49846.0,0.0,-4848.0,2018-12-31,2018-12-31,2018-12-31
781,KLY-WT-A.V,"04/20/2020, 04:14:15",0,0,0,0,0,0,0,0,0.0,0.0,0.0,0.0,Null,Null,Null
782,KLY-WT-B.V,"04/20/2020, 04:14:35",0,0,0,0,0,0,0,0,0.0,0.0,0.0,0.0,Null,Null,Null
783,KMAX.V,"04/20/2020, 04:14:55",0.04,18680000.0,0.0,0.0,0.0,0.0,0,0.0,60.0,1141.0,0.0,-347.0,2019-06-30,2019-06-30,2019-06-30
784,KMT.V,"04/20/2020, 04:15:16",0.07,73480000.0,5140000.0,9170000.0,-1230000.0,0.0,0,0.0,341.0,7731.0,0.0,-1441.0,2018-12-31,2018-12-31,2018-12-31
785,KNE.V,"04/20/2020, 04:15:36",0.125,108610000.0,13580000.0,12070000.0,-3320000.0,0.0,0.0,0.0,834.0,1919.0,1694.0,-955.0,2019-12-31,2019-12-31,2019-12-31
786,KNG.V,"04/20/2020, 04:15:56",0.12,24670000.0,2960000.0,2260000.0,0,0,0,0.0,705.0,8.0,0.0,-352.0,2019-12-31,2019-12-31,2019-12-31
787,KNO-H.V,"04/20/2020, 04:16:16",0.07,9810000.0,0.0,0.0,0,0,0,0.0,1.0,658.0,0.0,-93.0,2019-08-31,2019-08-31,2019-08-31
788,KNT.V,"04/20/2020, 04:16:36",3.65,213040000.0,777610000.0,770450000.0,49400000.0,0.0,0.0,0.0,21612.0,30300.0,101693.0,26931.0,2019-12-31,2019-12-31,2019-12-31
789,KORE.V,"04/20/2020, 04:16:55",0.365,88840000.0,32430000.0,28450000.0,0,0,0,0.0,30.0,1478.0,0.0,-1902.0,2018-12-31,2018-12-31,2018-12-31
790,KS.V,"04/20/2020, 04:17:15",0.03,158000000.0,4740000.0,6210000.0,0.0,0.0,0.0,0.0,34.0,1211.0,0.0,69.0,2019-05-31,2019-05-31,2019-05-31
791,KSI.V,"04/20/2020, 04:17:35",1.94,67010000.00000001,130009999.99999999,111200000.0,-4830000.0,0.0,0.0,0.0,2766.0,2521.0,1307.0,-3619.0,2018-12-31,2018-12-31,2018-12-31
792,KSMT-P.V,"04/20/2020, 04:17:54",0.055,4000000.0,0.0,0.0,0,0,0,0.0,145.0,8.0,0.0,-48.0,2019-12-31,2019-12-31,2019-12-31
793,KTN.V,"04/20/2020, 04:18:14",0.19,285970000.0,54330000.0,44800000.0,-2390000.0,0.0,0,0.0,2164.0,625.0,0.0,-2039.0,2018-12-31,2018-12-31,2018-12-31
794,KTN-WT.V,"04/20/2020, 04:18:35",0,0,0,0,0,0,0,0,0.0,0.0,0.0,0.0,Null,Null,Null
795,KTO.V,"04/20/2020, 04:18:55",0.21,43870000.0,9210000.0,5760000.0,0.0,0.0,0,0.0,394.0,52.0,0.0,-584.0,2018-12-31,2018-12-31,2018-12-31
796,KTR.V,"04/20/2020, 04:19:15",0.09,91170000.0,8210000.000000001,4720000.0,-3650000.0,0.0,0.0,0.0,6126.0,640.0,0.0,-4979.0,2018-12-31,2018-12-31,2018-12-31
797,KUB.V,"04/20/2020, 04:19:35",0.015,314220000.0,4710000.0,6580000.0,-3080000.0,0.0,0.0,0.0,6206.0,12537.0,11702.0,-995.0,2019-12-31,2019-12-31,2019-12-31
798,KUR-H.V,"04/20/2020, 04:19:56",0.02,15100000.0,0.0,0.0,0,0,0,0.0,2.0,637.0,0.0,-83.0,2019-08-31,2019-08-31,2019-08-31
799,KUT.V,"04/20/2020, 04:20:17",0.45,78430000.0,35290000.0,44580000.0,5040000.0,0.0,0.0,0.0,8831.0,7995.0,14660.0,2958.0,2018-12-31,2018-12-31,2018-12-31
800,KUU.V,"04/20/2020, 04:20:37",0.29,55750000.0,16170000.000000002,22190000.0,-5490000.0,0.0,0,0.0,697.0,8722.0,12362.0,-1293.0,2019-06-30,2019-06-30,2019-06-30
801,KZD.V,"04/20/2020, 04:20:57",0.05,317260000.0,15860000.0,16270000.0,-2700000.0,0.0,0.0,0.0,2395.0,5218.0,0.0,-2744.0,2019-12-31,2019-12-31,2019-12-31
802,LA.V,"04/20/2020, 04:21:17",0.25,271660000.0,67910000.0,67680000.0,0,0,0.0,0.0,1390.0,9563.0,0.0,-477.0,2019-09-30,2019-09-30,2019-09-30
803,LAB.V,"04/20/2020, 04:21:37",0.135,57040000.0,7700000.0,7560000.0,0,0,0,0.0,403.0,198.0,0.0,-2.0,2019-09-30,2019-09-30,2019-09-30
804,LAD.V,"04/20/2020, 04:21:57",0.055,48760000.0,2680000.0,2660000.0,0,0,0,0.0,480.0,2152.0,0.0,-592.0,2019-10-31,2019-10-31,2019-10-31
805,LAT.V,"04/20/2020, 04:22:17",0.01,137180000.0,1370000.0,0.0,15650000.0,0.0,0,0.0,767.0,1011.0,0.0,-707.0,2018-12-31,2018-12-31,2018-12-31
806,LBC.V,"04/20/2020, 04:22:36",0.09,97760000.0,8800000.0,6660000.0,-2320000.0,0.0,0.0,0.0,416.0,106.0,0.0,-396.0,2018-12-31,2018-12-31,2018-12-31
807,LBI.V,"04/20/2020, 04:22:57",0.015,97300000.0,1460000.0,0.0,0,0,0.0,0.0,2449.0,1331.0,-2225.0,969.0,2019-05-31,2019-05-31,2019-05-31
808,LBL.V,"04/20/2020, 04:23:19",0.1,93460000.0,9350000.0,11740000.0,0.0,0.0,0,0.0,15.0,8588.0,2189.0,161.0,2019-09-30,2019-09-30,2019-09-30
809,LBY.V,"04/20/2020, 04:23:40",0.04,77740000.0,3110000.0,-4190000.0000000005,-1620000.0,0.0,0.0,0.0,7605.0,184.0,0.0,-2231.0,2018-12-31,2018-12-31,2018-12-31
810,LDI.V,"04/20/2020, 04:24:00",0.035,55850000.0,1950000.0,1900000.0,0,0,0,0.0,1172.0,399.0,0.0,-951.0,2019-03-31,2019-03-31,2019-03-31
811,LEM.V,"04/20/2020, 04:24:20",0.085,113670000.0,9660000.0,8730000.0,-1410000.0,0.0,0,0.0,395.0,8284.0,0.0,-1989.0,2019-10-31,2019-10-31,2019-10-31
812,LEXI.V,"04/20/2020, 04:24:41",0.085,70030000.0,5950000.0,12120000.0,0,0,0.0,0.0,378.0,6524.0,0.0,-2376.0,2019-02-28,2019-02-28,2019-02-28
813,LHR.V,"04/20/2020, 04:25:01",0.025,19560000.0,0.0,41140000.0,0.0,0.0,0,0.0,92.0,84035.0,17037.0,-436.0,2018-12-31,2018-12-31,2018-12-31
814,LHR-DB-C.V,"04/20/2020, 04:25:22",0,0,0,0,0,0,0,0,0.0,0.0,0.0,0.0,Null,Null,Null
815,LHR-DB-D.V,"04/20/2020, 04:25:42",0,0,0,0,0,0,0,0,0.0,0.0,0.0,0.0,Null,Null,Null
816,LI.V,"04/20/2020, 04:26:03",0.24,78560000.0,18850000.0,18680000.0,-7370000.0,0.0,0.0,0.0,1069.0,719.0,0.0,-7338.0,2019-02-28,2019-02-28,2019-02-28
817,LIFT.V,"04/20/2020, 04:26:23",0.02,70500000.0,1410000.0,6490000.0,-6020000.0,0.0,0,0.0,2366.0,8893.0,5773.0,-6855.0,2019-03-31,2019-03-31,2019-03-31
818,LIO.V,"04/20/2020, 04:26:44",1.29,117630000.0,151740000.0,136040000.0,0,0,0.0,0.0,8907.0,424.0,0.0,-2119.0,2019-06-30,2019-06-30,2019-06-30
819,LIT.V,"04/20/2020, 04:27:04",0.05,33140000.0,1660000.0,2200000.0,0.0,0.0,0,0.0,10.0,820.0,0.0,-270.0,2019-12-31,2019-12-31,2019-12-31
820,LITH.V,"04/20/2020, 04:27:25",0.14,101940000.0,14270000.0,13750000.0,0,0,0,0.0,2566.0,92.0,0.0,-3148.0,2018-12-31,2018-12-31,2018-12-31
821,LITT.V,"04/20/2020, 04:27:45",0.045,126520000.0,5690000.0,5020000.0,-4320000.0,0.0,0.0,0.0,331.0,408.0,-2047.0,-1069.0,2019-06-30,2019-06-30,2019-06-30
822,LIVE.V,"04/20/2020, 04:28:05",0.07,140060000.0,9800000.0,-10060000.0,-5200000.0,0.0,0,0.0,19847.0,152.0,0.0,-4212.0,2019-12-31,2019-12-31,2019-12-31
823,LKY.V,"04/20/2020, 04:28:26",0.01,192790000.0,1930000.0,3160000.0,-3670000.0,0.0,0.0,0.0,0.0,1987.0,0.0,-1761.0,2018-09-30,2018-09-30,2018-09-30
824,LL.V,"04/20/2020, 04:28:46",0.05,193020000.0,9650000.0,9460000.0,0.0,0.0,0.0,0.0,514.0,1990.0,1083.0,-965.0,2019-03-31,2019-03-31,2019-03-31
825,LLG.V,"04/20/2020, 04:29:07",0.175,136230000.0,23840000.0,-8130000.000000001,-3990000.0,0.0,0,0.0,10618.0,8370.0,0.0,-4353.0,2019-06-30,2019-06-30,2019-06-30
826,LLO-P.V,"04/20/2020, 04:29:28",0.075,12200000.0,0.0,0.0,0,0,0,0.0,0.0,0.0,0.0,0.0,Null,ttm,ttm
827,LM.V,"04/20/2020, 04:29:48",0.07,35530000.0,2490000.0,2750000.0,0.0,0.0,0.0,0.0,233.0,743.0,1940.0,214.0,2018-12-31,2018-12-31,2018-12-31
828,LME.V,"04/20/2020, 04:30:08",0.14,180600000.0,25280000.0,23230000.0,0,0,0,0.0,64.0,364.0,0.0,-1254.0,2018-12-31,2018-12-31,2018-12-31
829,LMG.V,"04/20/2020, 04:30:28",0.1,20060000.0,2009999.9999999998,2610000.0,-1330000.0,0.0,0,0.0,70.0,3035.0,0.0,-1184.0,2018-12-31,2018-12-31,2018-12-31
830,LMR.V,"04/20/2020, 04:30:48",0.02,86550000.0,1730000.0,1700000.0,-2480000.0,0.0,0,0.0,10.0,329.0,0.0,-637.0,2019-07-31,2019-07-31,2019-07-31
831,LMS.V,"04/20/2020, 04:31:08",0.06,45450000.0,2730000.0,0.0,0,0,0.0,0.0,1458.0,310.0,0.0,-1139.0,2019-10-31,2019-10-31,2019-10-31
832,LOOP.V,"04/20/2020, 04:31:28",0.18,30190000.0,5430000.0,7050000.0,-2850000.0,0.0,0,0.0,888.0,4057.0,0.0,-1923.0,2018-12-31,2018-12-31,2018-12-31
833,LPC.V,"04/20/2020, 04:31:48",0.6,50990000.0,30600000.0,36860000.0,2029999.9999999998,0.0,0.0,0.0,4721.0,8779.0,16650.0,1884.0,2019-12-31,2019-12-31,2019-12-31
834,LPK.V,"04/20/2020, 04:32:08",0.01,148510000.0,1490000.0,1390000.0,0,0,0,0.0,233.0,10544.0,0.0,-1443.0,2018-12-31,2018-12-31,2018-12-31
835,LPS.V,"04/20/2020, 04:32:28",0.2,101850000.0,20370000.0,16320000.0,-5870000.0,0.0,0.0,0.0,5678.0,937.0,2335.0,-3870.0,2019-09-30,2019-09-30,2019-09-30
836,LR.V,"04/20/2020, 04:32:48",0.64,72210000.0,46210000.0,39860000.0,-9510000.0,0.0,0.0,0.0,8383.0,1129.0,0.0,-7842.0,2019-12-31,2019-12-31,2019-12-31
837,LRA.V,"04/20/2020, 04:33:09",0.57,38630000.0,22020000.0,19990000.0,-1070000.0,0.0,0,0.0,2071.0,553.0,0.0,-598.0,2019-12-31,2019-12-31,2019-12-31
838,LRT-DB-G.V,"04/20/2020, 04:33:30",0,0,0,0,0,0,0,0,0.0,0.0,0.0,0.0,Null,Null,Null
839,LRT-UN.V,"04/20/2020, 04:33:51",0.01,20560000.0,0.0,278370000.0,0,0,0,0.0,692.0,284167.0,16528.0,-5929.0,2019-12-31,2019-12-31,2019-12-31
840,LSX.V,"04/20/2020, 04:34:10",0.1,54440000.0,5440000.0,3690000.0,0,0,0,0.0,0.0,0.0,0.0,0.0,Null,ttm,ttm
841,LTE.V,"04/20/2020, 04:34:30",0.315,50560000.0,15930000.0,16020000.0,-5670000.0,0.0,0.0,0.0,1217.0,1821.0,12195.0,-2448.0,2019-09-30,2019-09-30,2019-09-30
842,LTX.V,"04/20/2020, 04:34:51",0.005,177970000.0,0.0,0.0,0.0,0.0,0,0.0,5.0,477.0,1.0,-156.0,2019-10-31,2019-10-31,2019-10-31
843,LUM.V,"04/20/2020, 04:35:11",0.61,331270000.0,202080000.0,195900000.0,-16670000.000000002,0.0,0.0,0.0,6248.0,1439.0,0.0,-14782.0,2019-12-31,2019-12-31,2019-12-31
844,LXE.V,"04/20/2020, 04:35:34",0.28,200520000.0,56150000.0,54070000.0,10130000.0,0.0,0.0,0.0,2729.0,18601.0,33800.0,16249.0,2018-12-31,2018-12-31,2018-12-31
845,LXG.V,"04/20/2020, 04:35:54",0.64,85690000.0,54840000.0,54200000.0,-7570000.0,0.0,0.0,0.0,670.0,319.0,0.0,-5999.0,2019-02-28,2019-02-28,2019-02-28
846,M.V,"04/20/2020, 04:36:14",2.1,10620000.0,22300000.0,252030000.0,30080000.0,0.0,0.0,0.0,18980.0,199284.0,395282.0,42857.0,2019-12-31,2019-12-31,2019-12-31
847,M-DB.V,"04/20/2020, 04:36:36",0,0,0,0,0,0,0,0,0.0,0.0,0.0,0.0,Null,Null,Null
848,MAC.V,"04/20/2020, 04:36:56",0.08,79400000.0,6350000.0,119280000.0,0.0,0.0,0,0.0,115.0,110602.0,0.0,-965.0,2019-06-30,2019-06-30,2019-06-30
849,MAE.V,"04/20/2020, 04:37:16",0.06,189550000.0,11370000.0,7860000.0,0,0,0.0,0.0,2359.0,250.0,0.0,-2261.0,2018-12-31,2018-12-31,2018-12-31
850,MAH.V,"04/20/2020, 04:37:36",0.045,116370000.0,5240000.0,6190000.0,0.0,0.0,0.0,0.0,107.0,2242.0,1190.0,445.0,2018-12-31,2018-12-31,2018-12-31
851,MAI.V,"04/20/2020, 04:37:57",0.295,406070000.0,119960000.0,109990000.0,-26050000.0,0.0,0.0,0.0,1181.0,4233.0,0.0,-6339.0,2018-12-31,2018-12-31,2018-12-31
852,MAP.V,"04/20/2020, 04:38:17",0.03,59000000.0,2060000.0,-1360000.0,0,0,0,0.0,3752.0,48.0,0.0,-1059.0,2019-04-30,2019-04-30,2019-04-30
853,MAS.V,"04/20/2020, 04:38:37",0.055,49840000.0,2740000.0,2870000.0,0,0,0.0,0.0,0.0,418.0,0.0,-928.0,2019-09-30,2019-09-30,2019-09-30
854,MAZ-H.V,"04/20/2020, 04:38:57",0.055,47770000.0,2630000.0,1610000.0,2890000.0,0.0,0,0.0,4596.0,28105.0,2353.0,-1358.0,2018-12-31,2018-12-31,2018-12-31
855,MBI-H.V,"04/20/2020, 04:39:17",0.055,13260000.0,0.0,0.0,0,0,0,0.0,2.0,137.0,0.0,-8.0,2018-12-31,2018-12-31,2018-12-31
856,MBO.V,"04/20/2020, 04:39:38",0.085,38150000.0,3240000.0,4960000.0,0.0,0.0,0.0,0.0,324.0,989.0,45.0,-696.0,2019-07-31,2019-07-31,2019-07-31
857,MBR-H.V,"04/20/2020, 04:39:59",0.11,0,0.0,0.0,0,0,0,0,65.0,7741.0,0.0,-273.0,2019-01-31,2019-01-31,2019-01-31
858,MCCN.V,"04/20/2020, 04:40:18",0.08,90350000.0,7230000.0,2830000.0,0,0,0.0,0.0,8.0,512.0,0.0,-118.0,2018-12-31,2018-12-31,2018-12-31
859,MCG.V,"04/20/2020, 04:40:39",0.015,308860000.0,4630000.0,53220000.0,-2790000.0,0.0,0,0.0,1133.0,73519.0,7717.0,66.0,2018-12-31,2018-12-31,2018-12-31
860,MCI.V,"04/20/2020, 04:40:58",0.05,32810000.000000004,1640000.0,1630000.0,0.0,0.0,0,0.0,33.0,4876.0,0.0,406.0,2019-03-31,2019-03-31,2019-03-31
861,MCLD.V,"04/20/2020, 04:41:18",4.3,16059999.999999998,69070000.0,103160000.0,-14810000.0,0.0,0.0,0.0,1326.0,3681.0,1794.0,-10897.0,2018-12-31,2018-12-31,2018-12-31
862,MCLD-DB.V,"04/20/2020, 04:41:40",0,0,0,0,0,0,0,0,0.0,0.0,0.0,0.0,Null,Null,Null
863,MCM-A.V,"04/20/2020, 04:42:01",0.11,12450000.0,1370000.0,0.0,0.0,0.0,0.0,0.0,2650.0,726.0,137.0,-104.0,2018-12-31,2018-12-31,2018-12-31
864,MCR.V,"04/20/2020, 04:42:21",2.18,31100000.0,67810000.0,53370000.0,53980000.0,0.0,0.0,0.0,52286.0,107219.0,413728.0,23829.0,2019-12-31,2019-12-31,2019-12-31
865,MCS.V,"04/20/2020, 04:42:42",0.46,5660000.0,2600000.0,0.0,0.0,0.0,0.0,0.0,4125.0,725.0,-23.0,-402.0,2018-12-31,2018-12-31,2018-12-31
866,MD.V,"04/20/2020, 04:43:02",0.68,70350000.0,47840000.0,35380000.0,-1590000.0,0.0,0.0,0.0,12840.0,1057.0,33.0,-582.0,2019-09-30,2019-09-30,2019-09-30
867,MDL.V,"04/20/2020, 04:43:22",0.06,46350000.0,2780000.0,2570000.0,0,0,0.0,0.0,269.0,398.0,0.0,-598.0,2019-03-31,2019-03-31,2019-03-31
868,MDP.V,"04/20/2020, 04:43:42",2.95,14060000.0,41470000.0,44880000.0,0.0,0.0,0.0,0.0,29205.0,76288.0,33864.0,-2590.0,2019-03-31,2019-03-31,2019-03-31
869,MDP-DB.V,"04/20/2020, 04:44:03",0,0,0,0,0,0,0,0,0.0,0.0,0.0,0.0,Null,Null,Null
870,MDV.V,"04/20/2020, 04:44:23",0.09,44130000.0,3970000.0,3760000.0,0.0,0.0,0,0.0,256.0,212.0,0.0,-149.0,2019-02-28,2019-02-28,2019-02-28
871,MDX.V,"04/20/2020, 04:44:43",0.135,157630000.0,21280000.0,20070000.0,-2890000.0,0.0,0,0.0,38.0,2197.0,1087.0,-2607.0,2018-12-31,2018-12-31,2018-12-31
872,MED.V,"04/20/2020, 04:45:03",0.04,94790000.0,3790000.0,2380000.0,0.0,0.0,0,0.0,1436.0,86.0,0.0,-1109.0,2018-12-31,2018-12-31,2018-12-31
873,MEK.V,"04/20/2020, 04:45:24",0.06,74870000.0,4490000.0,4040000.0,0.0,0.0,0.0,0.0,455.0,119.0,0.0,-683.0,2019-12-31,2019-12-31,2019-12-31
874,MENE.V,"04/20/2020, 04:45:45",0.4,231660000.0,130500000.0,96740000.0,-4570000.0,0.0,0.0,0.0,16258.0,12980.0,7928.0,-15123.0,2018-12-31,2018-12-31,2018-12-31
875,MENE-WT.V,"04/20/2020, 04:46:05",0,0,0,0,0,0,0,0,0.0,0.0,0.0,0.0,Null,Null,Null
876,MET.V,"04/20/2020, 04:46:24",1.5,1780000.0,2660000.0,2009999.9999999998,0.0,0.0,0,0.0,596.0,1019.0,779.0,239.0,2019-03-31,2019-03-31,2019-03-31
877,META.V,"04/20/2020, 04:46:45",0.1,236680000.0,23670000.0,51450000.0,-10880000.0,0.0,0.0,0.0,7529.0,33843.0,54102.0,-22042.0,2019-08-31,2019-08-31,2019-08-31
878,META-WT.V,"04/20/2020, 04:47:06",0.03,0,0,0.0,0,0,0,0,0.0,0.0,0.0,0.0,Null,ttm,ttm
879,MEX.V,"04/20/2020, 04:47:26",0.07,103340000.0,7230000.0,4700000.0,0,0,0,0.0,318.0,886.0,0.0,-2369.0,2019-06-30,2019-06-30,2019-06-30
880,MEX-WT.V,"04/20/2020, 04:47:46",0,0,0,0,0,0,0,0,0.0,0.0,0.0,0.0,Null,Null,Null
881,MFM.V,"04/20/2020, 04:48:06",0.04,60080000.0,2400000.0,2400000.0,0,0,0.0,0.0,246.0,660.0,0.0,-1263.0,2018-12-31,2018-12-31,2018-12-31
882,MFS.V,"04/20/2020, 04:48:26",0.005,184980000.0,0.0,7010000.0,0.0,0.0,0,0.0,183.0,12638.0,2767.0,133.0,2019-03-31,2019-03-31,2019-03-31
883,MFX.V,"04/20/2020, 04:48:46",0.025,18380000.0,0.0,0.0,0.0,0.0,0.0,0.0,17.0,324.0,0.0,-48.0,2019-02-28,2019-02-28,2019-02-28
884,MGC-H.V,"04/20/2020, 04:49:05",0.08,12270000.0,0.0,0.0,0,0,0,0.0,63.0,137.0,0.0,-39.0,2019-12-31,2019-12-31,2019-12-31
885,MGG.V,"04/20/2020, 04:49:25",0.42,314340000.0,132020000.00000001,128770000.00000001,0,0,0,0.0,7597.0,572.0,0.0,-5192.0,2019-04-30,2019-04-30,2019-04-30
886,MGI.V,"04/20/2020, 04:49:46",0.03,9670000.0,0.0,0.0,0,0,0.0,0.0,0.0,415.0,0.0,-25.0,2019-05-31,2019-05-31,2019-05-31
887,MGM.V,"04/20/2020, 04:50:07",0.085,239190000.0,20330000.0,17250000.0,-2520000.0,0.0,0.0,0.0,2786.0,1782.0,0.0,-9377.0,2018-12-31,2018-12-31,2018-12-31
888,MGM-WT.V,"04/20/2020, 04:50:27",0,0,0,0,0,0,0,0,0.0,0.0,0.0,0.0,Null,Null,Null
889,MGZ-H.V,"04/20/2020, 04:50:47",0.05,1290000000.0,64410000.0,244900000.0,-6270000.0,0.0,0.0,0.0,2291.0,120451.0,37211.0,-29793.0,2018-12-31,2018-12-31,2018-12-31
890,MILE.V,"04/20/2020, 04:51:08",0.11,68930000.0,7580000.0,4700000.0,-4860000.0,0.0,0,0.0,26.0,57.0,0.0,-112.0,2019-06-30,2019-06-30,2019-06-30
891,MIMI.V,"04/20/2020, 04:51:28",0.26,52760000.0,13720000.0,22610000.0,4000000.0,0.0,0.0,0.0,0.0,4.0,0.0,-78.0,2018-12-31,2018-12-31,2018-12-31
892,MINE.V,"04/20/2020, 04:51:49",0.035,16579999.999999998,0.0,0.0,0,0,0,0.0,153.0,21.0,0.0,-173.0,2019-03-31,2019-03-31,2019-03-31
893,MIR.V,"04/20/2020, 04:52:09",0.1,658360000.0,65840000.0,77500000.0,-1230000.0,0.0,0,0.0,88.0,13769.0,527.0,-941.0,2019-07-31,2019-07-31,2019-07-31
894,MIRA-P.V,"04/20/2020, 04:52:28",0.025,14700000.0,0.0,0.0,0,0,0,0.0,355.0,81.0,0.0,-466.0,2018-12-31,2018-12-31,2018-12-31
895,MJS.V,"04/20/2020, 04:52:48",0.045,1050000000.0,47150000.0,59510000.0,13980000.0,0.0,0.0,0.0,18843.0,34784.0,33804.0,9816.0,2018-09-30,2018-09-30,2018-09-30
896,MKA.V,"04/20/2020, 04:53:08",0.06,133000000.0,7980000.0,-12250000.0,-4139999.9999999995,0.0,0,0.0,2392.0,1545.0,0.0,-7272.0,2018-12-31,2018-12-31,2018-12-31
897,MKO.V,"04/20/2020, 04:53:28",0.395,583700000.0,230560000.0,215760000.0,-15330000.0,0.0,0,0.0,4512.0,37093.0,10569.0,-9224.0,2019-04-30,2019-04-30,2019-04-30
898,MKR.V,"04/20/2020, 04:53:48",0.27,19370000.0,5230000.0,3980000.0,0,0,0,0.0,1513.0,50.0,0.0,-144.0,2019-08-31,2019-08-31,2019-08-31
899,MKT.V,"04/20/2020, 04:54:08",0.035,17750000.0,0.0,2550000.0,0.0,0.0,0,0.0,392.0,2175.0,2.0,-1424.0,2018-12-31,2018-12-31,2018-12-31
900,ML.V,"04/20/2020, 04:54:29",1.09,83260000.0,90750000.0,67990000.0,-4880000.0,0.0,0.0,0.0,38101.0,2650.0,0.0,-5247.0,2019-02-28,2019-02-28,2019-02-28
901,MMA.V,"04/20/2020, 04:54:48",0.145,91550000.0,13280000.0,13150000.0,0,0,0,0.0,207.0,588.0,0.0,-1111.0,2018-12-31,2018-12-31,2018-12-31
902,MMG.V,"04/20/2020, 04:55:08",0.22,99010000.0,21780000.0,19520000.0,0,0,0,0.0,813.0,187.0,0.0,-3417.0,2019-07-31,2019-07-31,2019-07-31
903,MMM.V,"04/20/2020, 04:55:29",0.06,50730000.0,3040000.0,-10010000.0,1760000.0,0.0,0.0,0.0,13075.0,170.0,2501.0,1522.0,2019-12-31,2019-12-31,2019-12-31
904,MMN.V,"04/20/2020, 04:55:49",0.03,49710000.0,1490000.0,2620000.0,0.0,0.0,0.0,0.0,109.0,5270.0,0.0,-370.0,2018-11-30,2018-11-30,2018-11-30
905,MMS.V,"04/20/2020, 04:56:10",0.075,102340000.0,7680000.0,7680000.0,0,0,0.0,0.0,318.0,3006.0,0.0,-1881.0,2019-03-31,2019-03-31,2019-03-31
906,MMV.V,"04/20/2020, 04:56:31",0.345,82340000.0,28410000.0,31590000.0,-1160000.0,0.0,0.0,0.0,13.0,942.0,0.0,-665.0,2019-03-31,2019-03-31,2019-03-31
907,MMY.V,"04/20/2020, 04:56:53",0.04,325370000.0,13010000.0,7780000.0,7270000.0,0.0,0.0,0.0,9036.0,24588.0,20993.0,2139.0,2019-06-30,2019-06-30,2019-06-30
908,MN.V,"04/20/2020, 04:57:13",0.075,67560000.0,5070000.0,4460000.0,0,0,0,0.0,648.0,750.0,0.0,-468.0,2019-03-31,2019-03-31,2019-03-31
909,MNC.V,"04/20/2020, 04:57:33",0.42,59050000.0,24800000.0,0.0,0,0,0,0,200.0,616.0,0.0,-428.0,2019-09-30,2019-09-30,2019-09-30
910,MNO.V,"04/20/2020, 04:57:53",0.11,163820000.0,18020000.0,40260000.0,2009999.9999999998,0.0,0,0.0,201.0,20340.0,10222.0,-4602.0,2018-12-31,2018-12-31,2018-12-31
911,MNX.V,"04/20/2020, 04:58:14",0.22,12560000.0,2760000.0,0.0,0,0,0.0,0.0,3188.0,1441.0,0.0,-286.0,2019-10-31,2019-10-31,2019-10-31
912,MON.V,"04/20/2020, 04:58:34",0.025,21880000.0,0.0,0.0,0.0,0.0,0,0.0,32.0,282.0,0.0,-521.0,2018-12-31,2018-12-31,2018-12-31
913,MOON.V,"04/20/2020, 04:58:54",0.01,108950000.0,1090000.0,1080000.0,0,0,0,0.0,23.0,527.0,0.0,-1102.0,2018-12-31,2018-12-31,2018-12-31
914,MOS.V,"04/20/2020, 04:59:14",0.035,218680000.0,7650000.0,7660000.0,-4050000.0,0.0,0.0,0.0,479.0,2711.0,2571.0,-4235.0,2018-12-31,2018-12-31,2018-12-31
915,MOX.V,"04/20/2020, 04:59:35",0.165,52420000.0,8650000.0,5480000.0,0,0,0,0.0,3239.0,384.0,810.0,90.0,2019-12-31,2019-12-31,2019-12-31
916,MPH.V,"04/20/2020, 04:59:55",1.7,10800000.0,18370000.0,6490000.0,-6500000.0,0.0,0.0,0.0,12965.0,15342.0,20173.0,-14641.0,2019-12-31,2019-12-31,2019-12-31
917,MPT.V,"04/20/2020, 05:00:15",0.14,39000000.0,5460000.0,3230000.0,0.0,0.0,0,0.0,805.0,412.0,399.0,-282.0,2019-06-30,2019-06-30,2019-06-30
918,MRL.V,"04/20/2020, 05:00:35",0.07,116260000.0,8140000.000000001,8020000.0,-1410000.0,0.0,0.0,0.0,134.0,412.0,0.0,-1254.0,2019-09-30,2019-09-30,2019-09-30
919,MRO.V,"04/20/2020, 05:00:55",0.22,108860000.0,23950000.0,19380000.0,-2470000.0,0.0,0.0,0.0,2290.0,739.0,5683.0,-2547.0,2018-12-31,2018-12-31,2018-12-31
920,MRS.V,"04/20/2020, 05:01:15",0.055,188520000.0,10370000.0,20620000.0,-5430000.0,0.0,0.0,0.0,12.0,2357.0,3082.0,-2659.0,2018-12-31,2018-12-31,2018-12-31
921,MRZ.V,"04/20/2020, 05:01:35",0.365,54120000.0,19760000.0,2130000.0,-6880000.0,0.0,0.0,0.0,21484.0,1277.0,0.0,-4482.0,2019-06-30,2019-06-30,2019-06-30
922,MSP.V,"04/20/2020, 05:01:55",0.035,58200000.0,2040000.0,2089999.9999999998,0.0,0.0,0.0,0.0,41.0,448.0,351.0,-66.0,2019-03-31,2019-03-31,2019-03-31
923,MSR.V,"04/20/2020, 05:02:15",0.07,156210000.0,10930000.0,10580000.0,0.0,0.0,0,0.0,272.0,269.0,0.0,-345.0,2018-12-31,2018-12-31,2018-12-31
924,MT.V,"04/20/2020, 05:02:36",0.12,29800000.0,3580000.0,2700000.0,-1580000.0,0.0,0,0.0,1151.0,98.0,0.0,-1042.0,2019-08-31,2019-08-31,2019-08-31
925,MTA.V,"04/20/2020, 05:02:57",7.55,34410000.0,259820000.0,256980000.00000003,-2890000.0,0.0,0.0,0.0,4603.0,4555.0,7853.0,2287.0,2019-05-31,2019-05-31,2019-05-31
926,MTB.V,"04/20/2020, 05:03:17",0.175,36710000.0,6420000.0,5610000.0,0,0,0,0.0,730.0,3296.0,0.0,-268.0,2019-11-30,2019-11-30,2019-11-30
927,MTC.V,"04/20/2020, 05:03:37",0.015,94420000.0,1420000.0,1710000.0,0.0,0.0,0,0.0,18.0,633.0,0.0,-196.0,2018-12-31,2018-12-31,2018-12-31
928,MTH.V,"04/20/2020, 05:03:56",0.03,32590000.000000004,0.0,1190000.0,0,0,0.0,0.0,1.0,901.0,0.0,-153.0,2019-01-31,2019-01-31,2019-01-31
929,MTLO.V,"04/20/2020, 05:04:16",0.21,208180000.0,43720000.0,40880000.0,-3620000.0,0.0,0.0,0.0,6621.0,11209.0,10360.0,-4315.0,2019-03-31,2019-03-31,2019-03-31
930,MTRX.V,"04/20/2020, 05:04:36",0.21,63510000.0,13340000.0,15170000.0,-6400000.0,0.0,0,0.0,227.0,2272.0,0.0,-3720.0,2019-06-30,2019-06-30,2019-06-30
931,MTS.V,"04/20/2020, 05:04:57",0.22,36160000.0,7950000.0,6450000.0,0.0,0.0,0.0,0.0,1594.0,391.0,0.0,-574.0,2019-12-31,2019-12-31,2019-12-31
932,MTU.V,"04/20/2020, 05:05:17",0.06,225160000.0,13510000.0,7380000.0,0,0,0,0.0,330.0,29.0,0.0,-2250.0,2018-12-31,2018-12-31,2018-12-31
933,MTX.V,"04/20/2020, 05:05:37",0.015,112960000.0,1690000.0,1350000.0,0,0,0,0.0,406.0,3658.0,0.0,-136.0,2019-04-30,2019-04-30,2019-04-30
934,MUN.V,"04/20/2020, 05:05:57",0.12,81400000.0,9770000.0,6450000.0,-1850000.0,0.0,0,0.0,4509.0,1866.0,0.0,-2356.0,2018-12-31,2018-12-31,2018-12-31
935,MUR.V,"04/20/2020, 05:06:18",0.08,64690000.0,5180000.0,3740000.0,-1480000.0,0.0,0,0.0,1434.0,366.0,0.0,-1371.0,2019-12-31,2019-12-31,2019-12-31
936,MUST-H.V,"04/20/2020, 05:06:38",0.065,20060000.0,1300000.0,1260000.0,0,0,0,0.0,14.0,707.0,0.0,-63.0,2018-12-31,2018-12-31,2018-12-31
937,MVAI.V,"04/20/2020, 05:06:58",0.075,44670000.0,3350000.0,0.0,-2950000.0,0.0,0.0,0.0,3948.0,427.0,184.0,-2718.0,2019-12-31,2019-12-31,2019-12-31
938,MVI-H.V,"04/20/2020, 05:07:19",0.12,2930000.0,0.0,0.0,0,0,0,0.0,29.0,929.0,0.0,-55.0,2019-12-31,2019-12-31,2019-12-31
939,MVP.V,"04/20/2020, 05:07:39",1.25,28540000.0,35680000.0,37710000.0,-3080000.0,0.0,0,0.0,2432.0,10729.0,5161.0,-1987.0,2019-12-31,2019-12-31,2019-12-31
940,MVY.V,"04/20/2020, 05:08:01",0.04,132729999.99999999,5310000.0,8430000.0,-1530000.0,0.0,0,0.0,25.0,4517.0,1220.0,-598.0,2019-09-30,2019-09-30,2019-09-30
941,MWI-UN.V,"04/20/2020, 05:08:22",0.1,5980000.0,0.0,4990000.0,0,0,0.0,0.0,490.0,6178.0,983.0,532.0,2018-12-31,2018-12-31,2018-12-31
942,MWX.V,"04/20/2020, 05:08:44",0.085,311020000.0,26440000.0,25070000.0,-1520000.0,0.0,0.0,0.0,2978.0,963.0,0.0,-955.0,2018-12-31,2018-12-31,2018-12-31
943,MXL-H.V,"04/20/2020, 05:09:04",0.01,285450000.0,2850000.0,2750000.0,0.0,0.0,0,0.0,10.0,4111.0,321.0,-331.0,2018-12-31,2018-12-31,2018-12-31
944,MXR.V,"04/20/2020, 05:09:24",0.08,27910000.0,2230000.0,1110000.0,0,0,0,0.0,840.0,384.0,0.0,-3450.0,2018-12-31,2018-12-31,2018-12-31
945,N.V,"04/20/2020, 05:09:44",0.3,323760000.0,97130000.0,48010000.0,-38680000.0,0.0,0.0,0.0,34403.0,5377.0,18561.0,-12191.0,2018-08-31,2018-08-31,2018-08-31
946,N-WT-A.V,"04/20/2020, 05:10:05",0,0,0,0,0,0,0,0,0.0,0.0,0.0,0.0,Null,Null,Null
947,NAM.V,"04/20/2020, 05:10:25",0.06,137120000.0,8230000.0,5210000.0,0.0,0.0,0,0.0,1000.0,239.0,0.0,-1111.0,2019-04-30,2019-04-30,2019-04-30
948,NAN.V,"04/20/2020, 05:10:46",0.08,88690000.0,7100000.0,6570000.0,-2670000.0,0.0,0,0.0,2839.0,556.0,0.0,-2664.0,2018-12-31,2018-12-31,2018-12-31
949,NAP.V,"04/20/2020, 05:11:05",0.07,29670000.0,2080000.0,2080000.0,0,0,0,0.0,10.0,951.0,0.0,-366.0,2019-03-31,2019-03-31,2019-03-31
950,NAQ-P.V,"04/20/2020, 05:11:26",0.05,16930000.0,0.0,0.0,0,0,0,0.0,473.0,77.0,0.0,-424.0,2019-12-31,2019-12-31,2019-12-31
951,NAR.V,"04/20/2020, 05:11:45",0.035,110680000.0,3870000.0,3080000.0,0.0,0.0,0.0,0.0,636.0,496.0,0.0,-616.0,2019-04-30,2019-04-30,2019-04-30
952,NAVN-P.V,"04/20/2020, 05:12:05",0.1,0,0,0.0,0,0,0,0.0,0.0,0.0,0.0,0.0,Null,ttm,ttm
953,NBR.V,"04/20/2020, 05:12:25",0.095,30290000.0,2880000.0,2910000.0,0.0,0.0,0.0,0.0,88.0,333.0,0.0,-262.0,2019-07-31,2019-07-31,2019-07-31
954,NBVA.V,"04/20/2020, 05:12:44",0.08,56060000.0,4480000.0,2240000.0,0,0,0,0.0,4794.0,536.0,846.0,-3670.0,2019-04-30,2019-04-30,2019-04-30
955,NBY.V,"04/20/2020, 05:13:05",0.28,52250000.0,14630000.0,11450000.0,-1510000.0,0.0,0,0.0,2291.0,331.0,0.0,-1155.0,2018-12-31,2018-12-31,2018-12-31
956,NCI.V,"04/20/2020, 05:13:25",0.025,56100000.0,1400000.0,8900000.0,-5220000.0,0.0,0,0.0,98.0,11231.0,11706.0,696.0,2018-12-31,2018-12-31,2018-12-31
957,NCX.V,"04/20/2020, 05:13:45",0.075,120110000.0,9010000.0,8680000.0,0,0,0,0.0,806.0,695.0,99.0,83.0,2018-12-31,2018-12-31,2018-12-31
958,NDR.V,"04/20/2020, 05:14:06",0.035,66769999.99999999,2340000.0,2580000.0,0,0,0.0,0.0,73.0,2372.0,0.0,-1586.0,2019-05-31,2019-05-31,2019-05-31
959,NDVA.V,"04/20/2020, 05:14:26",0.275,83590000.0,22990000.0,27510000.0,-10300000.0,0.0,0.0,0.0,19566.0,6451.0,58.0,-9537.0,2018-12-31,2018-12-31,2018-12-31
960,NED.V,"04/20/2020, 05:14:46",0.025,16410000.0,0.0,0.0,0,0,0,0.0,4.0,498.0,0.0,-320.0,2019-06-30,2019-06-30,2019-06-30
961,NEE.V,"04/20/2020, 05:15:07",0.22,250710000.0,54370000.0,70820000.0,5970000.0,0.0,0.0,0.0,3444.0,54305.0,24935.0,-5666.0,2019-06-30,2019-06-30,2019-06-30
962,NEM.V,"04/20/2020, 05:15:27",0.04,106920000.0,4280000.0,4540000.0,0.0,0.0,0,0.0,238.0,1574.0,0.0,-790.0,2018-12-31,2018-12-31,2018-12-31
963,NEV.V,"04/20/2020, 05:15:47",0.035,53490000.0,1870000.0,1820000.0,0.0,0.0,0,0.0,154.0,770.0,0.0,-1023.0,2019-09-30,2019-09-30,2019-09-30
964,NFD-A.V,"04/20/2020, 05:16:08",30.0,2320000.0,69750000.0,-24390000.0,15960000.0,0.0,0,0.0,0.0,809.0,-7572.0,-1622.0,2018-12-31,2018-12-31,2018-12-31
965,NGC.V,"04/20/2020, 05:16:28",0.145,65110000.0,9440000.0,8060000.000000001,0.0,0.0,0,0.0,1385.0,454.0,0.0,-618.0,2019-12-31,2019-12-31,2019-12-31
966,NGE.V,"04/20/2020, 05:16:49",0.145,101790000.0,14760000.0,13550000.0,-4030000.0000000005,0.0,0,0.0,1848.0,115.0,0.0,-3568.0,2019-04-30,2019-04-30,2019-04-30
967,NGEN.V,"04/20/2020, 05:17:09",1.42,29350000.0,41680000.0,35410000.0,-7690000.0,0.0,0,0.0,2474.0,583.0,0.0,-1040.0,2018-12-31,2018-12-31,2018-12-31
968,NGEX.V,"04/20/2020, 05:17:29",0.36,124790000.0,44930000.0,84740000.0,-5300000.0,0.0,0,0.0,0.0,0.0,0.0,0.0,Null,ttm,ttm
969,NGH-H.V,"04/20/2020, 05:17:49",0.005,94760000.0,0.0,0.0,0,0,0,0.0,740.0,2543.0,0.0,-543.0,2019-03-31,2019-03-31,2019-03-31
970,NGY.V,"04/20/2020, 05:18:08",0.06,23610000.0,1420000.0,11310000.0,-1130000.0,0.0,0,0.0,964.0,20196.0,1126.0,421.0,2018-12-31,2018-12-31,2018-12-31
971,NGZ.V,"04/20/2020, 05:18:29",0.32,17460000.0,5590000.0,3720000.0,0,0,0.0,0.0,191.0,555.0,0.0,-6594.0,2018-12-31,2018-12-31,2018-12-31
972,NHP.V,"04/20/2020, 05:18:48",0.085,63140000.0,5370000.0,5880000.0,-1360000.0,0.0,0,0.0,92.0,847.0,494.0,-937.0,2019-11-30,2019-11-30,2019-11-30
973,NHT-U.V,"04/20/2020, 05:19:08",3.0,29350000.0,88060000.0,360430000.0,3700000.0,0.0,0.0,0.0,0.0,0.0,0.0,0.0,Null,ttm,ttm
974,NIM.V,"04/20/2020, 05:19:28",0.09,246840000.0,22220000.0,27520000.0,-2670000.0,0.0,0.0,0.0,500.0,10120.0,0.0,-1662.0,2019-12-31,2019-12-31,2019-12-31
975,NIO.V,"04/20/2020, 05:19:47",0.115,25980000.0,2990000.0,5190000.0,0,0,0,0.0,81.0,2696.0,10.0,-211.0,2018-12-31,2018-12-31,2018-12-31
976,NIP.V,"04/20/2020, 05:20:08",0.045,163570000.0,7360000.0,8870000.0,0.0,0.0,0,0.0,1549.0,8041.0,5.0,1601.0,2019-09-30,2019-09-30,2019-09-30
977,NIS-P.V,"04/20/2020, 05:20:28",0.09,5200000.0,0.0,0.0,0,0,0,0.0,274.0,31.0,0.0,-86.0,2018-12-31,2018-12-31,2018-12-31
978,NKL.V,"04/20/2020, 05:20:48",0.18,83470000.0,15020000.0,135690000.0,0,0,0.0,0,0.0,0.0,0.0,0.0,Null,ttm,ttm
979,NKW.V,"04/20/2020, 05:21:09",0.085,72060000.0,6120000.0,6480000.0,0,0,0,0.0,232.0,1832.0,0.0,-659.0,2019-09-30,2019-09-30,2019-09-30
980,NL.V,"04/20/2020, 05:21:29",0.105,8660000.0,0.0,0.0,0.0,0.0,0,0.0,175.0,164.0,0.0,-198.0,2018-12-31,2018-12-31,2018-12-31
981,NLC.V,"04/20/2020, 05:21:49",0.52,117500000.0,61100000.0,27720000.0,-6720000.0,0.0,0.0,0.0,44837.0,1921.0,0.0,4550.0,2018-12-31,2018-12-31,2018-12-31
982,NLH.V,"04/20/2020, 05:22:08",0.3,61960000.0,18590000.0,23430000.0,0.0,0.0,0.0,0.0,1635.0,7041.0,17405.0,613.0,2019-12-31,2019-12-31,2019-12-31
983,NMG-H.V,"04/20/2020, 05:22:28",0.005,102480000.0,0.0,8440000.0,-1690000.0,0.0,0,0.0,0.0,8625.0,0.0,28.0,2018-12-31,2018-12-31,2018-12-31
984,NMI.V,"04/20/2020, 05:22:48",0.15,180320000.0,27050000.0,27000000.0,0.0,0.0,0,0.0,183.0,444.0,0.0,-825.0,2019-11-30,2019-11-30,2019-11-30
985,NNO.V,"04/20/2020, 05:23:08",1.02,76750000.0,78290000.0,66069999.99999999,-4440000.0,0.0,0.0,0.0,3153.0,174.0,0.0,-2110.0,2018-12-31,2018-12-31,2018-12-31
986,NNX.V,"04/20/2020, 05:23:28",0.01,76520000.0,0.0,1790000.0,0.0,0.0,0.0,0.0,53.0,1189.0,0.0,-224.0,2018-12-31,2018-12-31,2018-12-31
987,NOB.V,"04/20/2020, 05:23:48",0.05,137550000.0,6880000.0,5210000.0,0,0,0,0.0,1440.0,363.0,0.0,0.0,2019-08-31,2019-08-31,2019-08-31
988,NOC-H.V,"04/20/2020, 05:24:08",0.065,19080000.0,1240000.0,1000000.0,0,0,0,0.0,0.0,473.0,0.0,-33.0,2019-09-30,2019-09-30,2019-09-30
989,NORA.V,"04/20/2020, 05:24:28",0.02,53390000.0,1070000.0,0.0,0,0,0,0.0,241.0,144.0,0.0,-779.0,2018-11-30,2018-11-30,2018-11-30
990,NOT.V,"04/20/2020, 05:24:49",0.13,412410000.0,53610000.0,99420000.0,-15820000.0,0.0,0,0.0,7332.0,61791.0,0.0,-6983.0,2019-12-31,2019-12-31,2019-12-31
991,NOU.V,"04/20/2020, 05:25:09",0.18,261779999.99999997,47120000.0,43030000.0,-4710000.0,0.0,0.0,0.0,3814.0,14024.0,0.0,948.0,2018-12-31,2018-12-31,2018-12-31
992,NPA.V,"04/20/2020, 05:25:30",0.035,63150000.0,2210000.0,2990000.0,0.0,0.0,0,0.0,0.0,1571.0,1299.0,-64.0,2019-08-31,2019-08-31,2019-08-31
993,NRG.V,"04/20/2020, 05:25:49",0.11,112560000.0,12380000.0,9780000.0,-2220000.0,0.0,0.0,0.0,199.0,478.0,0.0,-1625.0,2019-04-30,2019-04-30,2019-04-30
994,NRM.V,"04/20/2020, 05:26:11",0.09,42570000.0,3830000.0,3890000.0,0.0,0.0,0.0,0.0,251.0,208.0,0.0,-494.0,2019-01-31,2019-01-31,2019-01-31
995,NRN.V,"04/20/2020, 05:26:30",0.06,254420000.0,15270000.0,13280000.0,-1090000.0,0.0,0.0,0.0,39.0,204.0,0.0,-839.0,2018-12-31,2018-12-31,2018-12-31
996,NRTH.V,"04/20/2020, 05:26:50",0.15,176950000.0,26540000.0,-6260000.0,-10750000.0,0.0,0.0,0.0,52766.0,5222.0,4820.0,-5330.0,2019-06-30,2019-06-30,2019-06-30
997,NRTH-WT.V,"04/20/2020, 05:27:10",0.035,0,0,0.0,0,0,0,0,0.0,0.0,0.0,0.0,Null,ttm,ttm
998,NSCI.V,"04/20/2020, 05:27:30",0.52,61610000.0,32040000.0,27110000.0,0.0,0.0,0.0,0.0,0.0,0.0,0.0,0.0,Null,ttm,2018-03-31
999,NSE.V,"04/20/2020, 05:27:50",0.06,47980000.0,2880000.0,4250000.0,0,0,0,0.0,29.0,2108.0,0.0,-1201.0,2019-03-31,2019-03-31,2019-03-31
1000,NSP.V,"04/20/2020, 05:28:10",0.035,141440000.0,4950000.0,6340000.0,-5240000.0,0.0,0.0,0.0,188.0,2942.0,2074.0,-3945.0,2018-12-31,2018-12-31,2018-12-31
1001,NTE.V,"04/20/2020, 05:28:30",0.175,72910000.0,12760000.0,16880000.0,4580000.0,0.0,0.0,0.0,1182.0,12458.0,16279.0,9596.0,2019-11-30,2019-11-30,2019-11-30
1002,NTN-H.V,"04/20/2020, 05:28:50",0.1,6360000.0,0.0,0.0,0,0,0,0.0,692.0,30.0,0.0,-206.0,2018-12-31,2018-12-31,2018-12-31
1003,NTS.V,"04/20/2020, 05:29:12",0.25,69200000.0,17300000.0,8860000.0,-1270000.0,0.0,0.0,0.0,10289.0,1792.0,6403.0,926.0,2019-09-30,2019-09-30,2019-09-30
1004,NTW.V,"04/20/2020, 05:29:33",0.08,41390000.0,3310000.0,1810000.0,0,0,0,0.0,0.0,0.0,0.0,0.0,Null,ttm,ttm
1005,NU.V,"04/20/2020, 05:29:55",0.04,144160000.0,5770000.0,4830000.0,-1940000.0,0.0,0,0.0,275.0,277.0,82.0,-2045.0,2018-12-31,2018-12-31,2018-12-31
1006,NUAG.V,"04/20/2020, 05:30:16",4.46,147240000.0,656680000.0,615170000.0,0.0,0.0,0,0.0,38793.0,2368.0,0.0,-2519.0,2019-06-30,2019-06-30,2019-06-30
1007,NUG.V,"04/20/2020, 05:30:37",0.06,407170000.0,24430000.0,18710000.0,-2230000.0,0.0,0,0.0,2694.0,230.0,0.0,-2043.0,2019-03-31,2019-03-31,2019-03-31
1008,NVH.V,"04/20/2020, 05:30:56",0.445,188640000.0,83950000.0,65050000.0,-8000000.0,0.0,0.0,0.0,18146.0,3461.0,165.0,-2878.0,2019-06-30,2019-06-30,2019-06-30
1009,NVI.V,"04/20/2020, 05:31:16",0.07,33369999.999999996,2340000.0,6870000.0,0.0,0.0,0.0,0.0,4138.0,9354.0,10630.0,2661.0,2018-12-31,2018-12-31,2018-12-31
1010,NVO.V,"04/20/2020, 05:31:37",2.34,188110000.0,440180000.0,411930000.0,-9820000.0,0.0,0.0,0.0,28791.0,9647.0,0.0,-7745.0,2020-01-31,2020-01-31,2020-01-31
1011,NVT.V,"04/20/2020, 05:31:58",0.015,77710000.0,1170000.0,1560000.0,0,0,0.0,0.0,7.0,360.0,0.0,-226.0,2018-12-31,2018-12-31,2018-12-31
1012,NVV.V,"04/20/2020, 05:32:18",0.06,70450000.0,4230000.0,-5010000.0,0.0,0.0,0.0,0.0,0.0,1206.0,2730.0,-1117.0,2018-12-31,2018-12-31,2018-12-31
1013,NVX.V,"04/20/2020, 05:32:38",0.135,46420000.0,6270000.0,5750000.0,0.0,0.0,0,0.0,955.0,97.0,0.0,-751.0,2019-08-31,2019-08-31,2019-08-31
1014,NVY.V,"04/20/2020, 05:32:58",0.15,0,0,3060000.0,0.0,0.0,0,0.0,697.0,23.0,0.0,-149.0,2019-12-31,2019-12-31,2019-12-31
1015,NWE.V,"04/20/2020, 05:33:18",0.015,43900000.0,0.0,6800000.0,0.0,0.0,0,0.0,116.0,13599.0,20296.0,-273.0,2018-12-31,2018-12-31,2018-12-31
1016,NWX.V,"04/20/2020, 05:33:38",0.3,104430000.0,31330000.0,26150000.0,-2140000.0,0.0,0,0.0,6942.0,623.0,0.0,5610.0,2019-07-31,2019-07-31,2019-07-31
1017,NXG.V,"04/20/2020, 05:33:58",0.2,69920000.0,13980000.0,17560000.0,0.0,0.0,0.0,0.0,527.0,19353.0,9540.0,1046.0,2019-12-31,2019-12-31,2019-12-31
1018,NXN.V,"04/20/2020, 05:34:18",0.02,81630000.0,1630000.0,0.0,-1330000.0,0.0,0.0,0.0,2090.0,212.0,0.0,-1098.0,2019-12-31,2019-12-31,2019-12-31
1019,NXO.V,"04/20/2020, 05:34:40",0.37,135920000.0,50290000.0,49000000.0,-7850000.0,0.0,0.0,0.0,2704.0,261.0,0.0,-6129.0,2018-12-31,2018-12-31,2018-12-31
1020,NXR-UN.V,"04/20/2020, 05:35:01",1.66,102110000.0,169500000.0,502070000.0,0,0,0.0,0.0,3354.0,330339.0,54097.0,19528.0,2018-12-31,2018-12-31,2018-12-31
1021,NXS.V,"04/20/2020, 05:35:22",0.04,126990000.0,5080000.0,3010000.0,0,0,0,0.0,422.0,376.0,0.0,-2844.0,2019-01-31,2019-01-31,2019-01-31
1022,NZ.V,"04/20/2020, 05:35:42",0.005,232120000.0,1160000.0,0.0,0.0,0.0,0,0.0,1237.0,14590.0,12625.0,1751.0,2018-12-31,2018-12-31,2018-12-31
1023,NZN.V,"04/20/2020, 05:36:02",0.04,74390000.0,2980000.0,2860000.0,0,0,0,0.0,34.0,211.0,0.0,-1918.0,2018-12-31,2018-12-31,2018-12-31
1024,NZP.V,"04/20/2020, 05:36:22",0.07,26300000.0,1840000.0,1750000.0,0,0,0,0.0,243.0,82.0,5.0,-1031.0,2019-03-31,2019-03-31,2019-03-31
1025,OCG.V,"04/20/2020, 05:36:43",0.145,79270000.0,11490000.0,8880000.0,-2700000.0,0.0,0,0.0,190.0,191.0,0.0,-2593.0,2019-08-31,2019-08-31,2019-08-31
1026,OCN.V,"04/20/2020, 05:37:03",0.075,160030000.0,12000000.0,12070000.0,0,0,0,0.0,22.0,2511.0,0.0,-691.0,2019-03-31,2019-03-31,2019-03-31
1027,OCO.V,"04/20/2020, 05:37:25",0.21,147370000.0,30950000.0,21330000.0,-2120000.0,0.0,0,0.0,488.0,480.0,0.0,-1220.0,2019-05-31,2019-05-31,2019-05-31
1028,ODX-H.V,"04/20/2020, 05:37:45",0.03,36230000.0,1090000.0,1380000.0,0,0,0.0,0.0,17.0,248.0,0.0,-93.0,2018-12-31,2018-12-31,2018-12-31
1029,OEE.V,"04/20/2020, 05:38:05",0.015,134160000.0,2009999.9999999998,3420000.0,0.0,0.0,0,0.0,739.0,2654.0,3251.0,-909.0,2019-09-30,2019-09-30,2019-09-30
1030,OG.V,"04/20/2020, 05:38:25",0.09,37830000.0,3400000.0,14600000.0,0.0,0.0,0.0,0.0,2056.0,6162.0,23609.0,-587.0,2019-01-31,2019-01-31,2019-01-31
1031,OGO.V,"04/20/2020, 05:38:46",0.04,172480000.0,6900000.0,8420000.0,-2960000.0,0.0,0,0.0,189.0,4041.0,1537.0,-3191.0,2018-12-31,2018-12-31,2018-12-31
1032,OIC.V,"04/20/2020, 05:39:06",0.07,51590000.0,3610000.0,3360000.0,0.0,0.0,0,0.0,252.0,31.0,0.0,-909.0,2019-12-31,2019-12-31,2019-12-31
1033,OIII.V,"04/20/2020, 05:39:26",1.63,47050000.0,76680000.0,49800000.0,-3860000.0,0.0,0.0,0.0,26874.0,8397.0,0.0,-5178.0,2019-12-31,2019-12-31,2019-12-31
1034,OLV.V,"04/20/2020, 05:39:47",0.035,57840000.0,2020000.0,1840000.0,-1270000.0,0.0,0,0.0,294.0,941.0,0.0,-1037.0,2019-10-31,2019-10-31,2019-10-31
1035,OM.V,"04/20/2020, 05:40:09",0.4,167100000.0,66840000.0,64730000.00000001,-3640000.0,0.0,0,0.0,2113.0,10067.0,0.0,-1789.0,2019-12-31,2019-12-31,2019-12-31
1036,OML.V,"04/20/2020, 05:40:28",0.8,11330000.0,9070000.0,9800000.0,0.0,0.0,0.0,0.0,340.0,2692.0,7075.0,658.0,2018-12-31,2018-12-31,2018-12-31
1037,OMM.V,"04/20/2020, 05:40:49",0.135,84890000.0,11460000.0,19880000.0,0.0,0.0,0,0.0,43.0,9063.0,0.0,28.0,2018-12-31,2018-12-31,2018-12-31
1038,OMR-H.V,"04/20/2020, 05:41:09",0.075,2370000.0,0.0,0.0,0,0,0,0.0,12.0,47.0,0.0,-49.0,2019-02-28,2019-02-28,2019-02-28
1039,ONE.V,"04/20/2020, 05:41:29",0.11,80240000.0,8830000.0,8840000.0,0.0,0.0,0.0,0.0,583.0,540.0,283.0,-632.0,2019-10-31,2019-10-31,2019-10-31
1040,ONV-H.V,"04/20/2020, 05:41:49",0.045,43600000.0,1960000.0,1890000.0,0,0,0,0.0,327.0,34.0,0.0,-611.0,2019-01-31,2019-01-31,2019-01-31
1041,OOO.V,"04/20/2020, 05:42:09",0.125,175400000.0,21930000.0,21830000.0,0.0,0.0,0.0,0.0,302.0,277.0,0.0,-806.0,2019-06-30,2019-06-30,2019-06-30
1042,OOR.V,"04/20/2020, 05:42:29",0.05,80910000.0,4050000.0,3150000.0,0,0,0,0.0,12.0,212.0,0.0,50.0,2019-08-31,2019-08-31,2019-08-31
1043,OPV.V,"04/20/2020, 05:42:49",0.16,21910000.0,3500000.0,2870000.0,0,0,0,0.0,182.0,41.0,0.0,-105.0,2019-06-30,2019-06-30,2019-06-30
1044,OPW.V,"04/20/2020, 05:43:09",0.06,8010000.0,0.0,0.0,0.0,0.0,0.0,0.0,0.0,165.0,0.0,-132.0,2019-08-31,2019-08-31,2019-08-31
1045,ORC-A.V,"04/20/2020, 05:43:30",27.06,0,0,0.0,0,0,0,0,131497.0,168739.0,57766.0,28752.0,2018-12-31,2018-12-31,2018-12-31
1046,ORC-B.V,"04/20/2020, 05:43:49",5.19,24860000.0,176420000.0,94830000.0,48790000.0,0.0,0.0,0.0,131497.0,168739.0,57766.0,28752.0,2018-12-31,2018-12-31,2018-12-31
1047,ORE.V,"04/20/2020, 05:44:09",0.475,250970000.0,119210000.0,99580000.0,-22150000.0,0.0,0.0,0.0,11855.0,3888.0,0.0,-20939.0,2019-12-31,2019-12-31,2019-12-31
1048,ORE-WT.V,"04/20/2020, 05:44:31",0.12,0,0,0.0,0,0,0,0,0.0,0.0,0.0,0.0,Null,ttm,ttm
1049,ORG.V,"04/20/2020, 05:44:50",0.325,211160000.0,68630000.0,47150000.0,-13950000.0,0.0,0,0.0,12997.0,2644.0,0.0,-17073.0,2018-12-31,2018-12-31,2018-12-31
1050,ORM.V,"04/20/2020, 05:45:11",0.025,94980000.0,2370000.0,0.0,-1110000.0,0.0,0.0,0.0,1042.0,2711.0,0.0,-1012.0,2019-12-31,2019-12-31,2019-12-31
1051,ORO.V,"04/20/2020, 05:45:31",0.85,22770000.0,19360000.0,18700000.0,0,0,0,0.0,160.0,162.0,0.0,-124.0,2018-12-31,2018-12-31,2018-12-31
1052,ORS.V,"04/20/2020, 05:45:52",0.055,28180000.0,1550000.0,1040000.0,0,0,0,0.0,48.0,330.0,0.0,-85.0,2019-01-31,2019-01-31,2019-01-31
1053,ORX.V,"04/20/2020, 05:46:13",0.09,168150000.0,15130000.0,15060000.0,0.0,0.0,0.0,0.0,332.0,1009.0,0.0,-398.0,2019-10-31,2019-10-31,2019-10-31
1054,OS.V,"04/20/2020, 05:46:35",0.045,69840000.0,3140000.0,2330000.0,0,0,0,0.0,813.0,32.0,0.0,-511.0,2019-11-30,2019-11-30,2019-11-30
1055,OSI.V,"04/20/2020, 05:46:56",0.78,85320000.0,66550000.0,46700000.0,-6410000.0,0.0,0.0,0.0,4199.0,305.0,0.0,-4796.0,2018-12-31,2018-12-31,2018-12-31
1056,OSS.V,"04/20/2020, 05:47:15",0.3,112940000.0,34250000.0,23630000.0,-3640000.0,0.0,0,0.0,10499.0,2408.0,2712.0,175.0,2019-12-31,2019-12-31,2019-12-31
1057,OSU.V,"04/20/2020, 05:47:36",0.17,42480000.0,7220000.0,6470000.0,-2110000.0,0.0,0,0.0,1681.0,55.0,0.0,-3296.0,2018-12-31,2018-12-31,2018-12-31
1058,OTSO.V,"04/20/2020, 05:47:56",0.075,222290000.0,16670000.000000002,33360000.0,24680000.0,0.0,0.0,0.0,1529.0,77873.0,0.0,-5209.0,2019-01-31,2019-01-31,2019-01-31
1059,OVT.V,"04/20/2020, 05:48:15",0.2,67019999.99999999,13820000.0,13020000.0,0,0,0,0.0,382.0,135.0,0.0,-799.0,2019-12-31,2019-12-31,2019-12-31
1060,OYL.V,"04/20/2020, 05:48:35",0.335,272580000.0,91310000.0,75490000.0,3090000.0,0.0,0,0.0,15821.0,21834.0,0.0,-9135.0,2019-12-31,2019-12-31,2019-12-31
1061,PA.V,"04/20/2020, 05:48:55",0.15,36300000.0,5450000.0,5300000.0,-2040000.0,0.0,0,0.0,40.0,485.0,0.0,-2368.0,2018-12-31,2018-12-31,2018-12-31
1062,PAC.V,"04/20/2020, 05:49:16",0.075,228410000.0,17130000.0,16290000.0,-3760000.0,0.0,0,0.0,905.0,791.0,0.0,-2535.0,2019-11-30,2019-11-30,2019-11-30
1063,PAL.V,"04/20/2020, 05:49:35",0.13,12650000.0,1640000.0,1330000.0,0,0,0.0,0.0,4.0,183.0,0.0,-304.0,2019-05-31,2019-05-31,2019-05-31
1064,PAN.V,"04/20/2020, 05:49:56",0.02,160290000.0,3210000.0,2920000.0,-1040000.0,0.0,0.0,0.0,211.0,326.0,0.0,-357.0,2019-06-30,2019-06-30,2019-06-30
1065,PANO-P.V,"04/20/2020, 05:50:15",0.04,8800000.0,0.0,0.0,0,0,0,0.0,0.0,0.0,0.0,0.0,Null,ttm,ttm
1066,PAS.V,"04/20/2020, 05:50:35",0.08,56440000.0,4520000.0,4150000.0000000005,-3280000.0,0.0,0,0.0,361.0,111.0,0.0,-3267.0,2019-11-30,2019-11-30,2019-11-30
1067,PBM.V,"04/20/2020, 05:50:58",0.1,14440000.0,1440000.0,1550000.0,0.0,0.0,0,0.0,61.0,1247.0,0.0,-92.0,2018-12-31,2018-12-31,2018-12-31
1068,PBR.V,"04/20/2020, 05:51:18",0.02,302010000.0,6040000.0,19460000.0,-7390000.0,0.0,0.0,0.0,3773.0,34498.0,0.0,-10849.0,2018-12-31,2018-12-31,2018-12-31
1069,PBS.V,"04/20/2020, 05:51:38",0.01,64819999.99999999,0.0,0.0,0.0,0.0,0.0,0.0,205.0,257.0,460.0,-290.0,2019-03-31,2019-03-31,2019-03-31
1070,PBX.V,"04/20/2020, 05:51:58",0.14,111920000.0,15670000.0,21590000.0,-3470000.0,0.0,0.0,0.0,311.0,1217.0,281.0,-5262.0,2018-12-31,2018-12-31,2018-12-31
1071,PCL-P.V,"04/20/2020, 05:52:18",0.05,5110000.0,0.0,0.0,0,0,0,0.0,149.0,13.0,0.0,-117.0,2019-12-31,2019-12-31,2019-12-31
1072,PCLO.V,"04/20/2020, 05:52:38",0.74,97900000.0,72450000.0,53100000.0,-25150000.0,0.0,0.0,0.0,208.0,22.0,0.0,-78.0,2018-08-31,2018-08-31,2018-08-31
1073,PCO.V,"04/20/2020, 05:52:58",1.75,5030000.0,8800000.0,0.0,0,0,0,0.0,8717.0,304.0,1.0,-385.0,2018-12-31,2018-12-31,2018-12-31
1074,PCQ.V,"04/20/2020, 05:53:18",0.02,110440000.0,2210000.0,2290000.0,0.0,0.0,0,0.0,102.0,469.0,0.0,-357.0,2018-12-31,2018-12-31,2018-12-31
1075,PCR.V,"04/20/2020, 05:53:38",0.2,62570000.0,12510000.0,12190000.0,0.0,0.0,0,0.0,524.0,398.0,0.0,-282.0,2019-12-31,2019-12-31,2019-12-31
1076,PDH.V,"04/20/2020, 05:53:59",0.02,171340000.0,3430000.0,4330000.0,-1400000.0,0.0,0.0,0.0,351.0,1280.0,976.0,-1435.0,2019-09-30,2019-09-30,2019-09-30
1077,PDM.V,"04/20/2020, 05:54:19",0.09,111580000.0,10040000.0,3460000.0,0,0,0,0.0,1.0,508.0,0.0,-334.0,2018-12-31,2018-12-31,2018-12-31
1078,PE.V,"04/20/2020, 05:54:39",0.045,191590000.0,8620000.0,8250000.0,0.0,0.0,0,0.0,72.0,536.0,0.0,-2274.0,2018-06-30,2018-06-30,2018-06-30
1079,PEA.V,"04/20/2020, 05:54:59",0.315,157640000.0,49660000.0,248410000.0,-6120000.0,0.0,0.0,0.0,9567.0,498159.0,114406.0,-51772.0,2019-12-31,2019-12-31,2019-12-31
1080,PEEK.V,"04/20/2020, 05:55:19",0.06,321190000.0,19270000.0,18350000.0,-3750000.0,0.0,0.0,0.0,218.0,6324.0,7388.0,-2246.0,2019-02-28,2019-02-28,2019-02-28
1081,PEH.V,"04/20/2020, 05:55:39",0.025,222760000.0,5570000.0,5440000.0,0,0,0,0.0,61522.0,1629311.0,372338.0,230317.0,2019-03-31,2019-03-31,2019-03-31
1082,PEI.V,"04/20/2020, 05:55:59",0.015,65120000.00000001,0.0,4470000.0,0.0,0.0,0,0.0,177.0,18734.0,3095.0,1453.0,2018-12-31,2018-12-31,2018-12-31
1083,PEMC.V,"04/20/2020, 05:56:19",0.045,42920000.0,1930000.0,1710000.0,0.0,0.0,0.0,0.0,296.0,44.0,0.0,-1191.0,2019-03-31,2019-03-31,2019-03-31
1084,PEO.V,"04/20/2020, 05:56:39",7.91,68190000.0,539370000.0,615740000.0,38980000.0,0.0,0.0,0.0,12490.0,197615.0,162494.0,16386.0,2019-08-31,2019-08-31,2019-08-31
1085,PER.V,"04/20/2020, 05:56:59",0.03,85690000.0,2570000.0,2440000.0,-1300000.0,0.0,0.0,0.0,105.0,1558.0,0.0,-1052.0,2018-12-31,2018-12-31,2018-12-31
1086,PERU.V,"04/20/2020, 05:57:19",0.18,93200000.0,16780000.0,8300000.000000001,-6350000.0,0.0,0,0.0,12279.0,526.0,0.0,-7800.0,2019-05-31,2019-05-31,2019-05-31
1087,PEX.V,"04/20/2020, 05:57:39",0.035,31730000.0,1110000.0,0.0,0.0,0.0,0.0,0.0,1240.0,233.0,0.0,-535.0,2018-12-31,2018-12-31,2018-12-31
1088,PEZM-H.V,"04/20/2020, 05:57:59",0.14,33630000.0,4710000.0,4710000.0,0,0,0,0.0,74.0,49.0,0.0,-241.0,2019-09-30,2019-09-30,2019-09-30
1089,PFC.V,"04/20/2020, 05:58:19",0.03,178170000.0,5350000.0,8320000.0,0.0,0.0,0.0,0.0,76.0,9221.0,3558.0,-437.0,2018-12-31,2018-12-31,2018-12-31
1090,PFM.V,"04/20/2020, 05:58:39",0.8,119890000.0,96060000.0,94070000.0,-1730000.0,0.0,0.0,0.0,5700.0,9893.0,15104.0,-302.0,2019-12-31,2019-12-31,2019-12-31
1091,PGC.V,"04/20/2020, 05:59:00",0.025,204450000.0,5110000.0,4750000.0,0.0,0.0,0,0.0,228.0,707.0,0.0,-358.0,2018-12-31,2018-12-31,2018-12-31
1092,PGDC.V,"04/20/2020, 05:59:20",0.04,317940000.0,12720000.0,39440000.0,-2790000.0,0.0,0.0,0.0,654.0,32528.0,48089.0,-7562.0,2018-12-31,2018-12-31,2018-12-31
1093,PGE.V,"04/20/2020, 05:59:43",0.165,98960000.0,16329999.999999998,18450000.0,0,0,0.0,0.0,48.0,983.0,0.0,-2279.0,2019-03-31,2019-03-31,2019-03-31
1094,PGM.V,"04/20/2020, 06:00:03",0.75,358470000.0,268850000.0,218710000.0,-14270000.0,0.0,0.0,0.0,70301.0,80991.0,0.0,-12960.0,2019-12-31,2019-12-31,2019-12-31
1095,PGP.V,"04/20/2020, 06:00:25",0.05,15860000.0,0.0,0.0,-3610000.0,0.0,0,0.0,1299.0,358.0,0.0,-3054.0,2019-01-31,2019-01-31,2019-01-31
1096,PGV.V,"04/20/2020, 06:00:46",0.1,116580000.0,11660000.0,9960000.0,0.0,0.0,0.0,0.0,2026.0,2436.0,20330.0,1114.0,2019-12-31,2019-12-31,2019-12-31
1097,PGX.V,"04/20/2020, 06:01:05",0.04,80410000.0,3220000.0,2850000.0,0.0,0.0,0,0.0,525.0,223.0,0.0,-1002.0,2019-10-31,2019-10-31,2019-10-31
1098,PGZ.V,"04/20/2020, 06:01:25",0.14,121830000.0,17060000.0,15850000.0,0,0,0.0,0.0,1485.0,294.0,0.0,-2002.0,2019-01-31,2019-01-31,2019-01-31
1099,PHA.V,"04/20/2020, 06:01:45",0.3,38430000.0,11530000.0,1210000.0,0,0,0,0.0,226.0,106.0,0.0,-168.0,2019-09-30,2019-09-30,2019-09-30
1100,PHD.V,"04/20/2020, 06:02:05",0.07,38480000.0,2690000.0,2460000.0,0.0,0.0,0,0.0,511.0,75.0,0.0,-675.0,2018-12-31,2018-12-31,2018-12-31
1101,PHL-H.V,"04/20/2020, 06:02:26",0.155,3470000.0,0.0,0.0,0,0,0,0.0,42.0,625.0,0.0,-54.0,2019-06-30,2019-06-30,2019-06-30
1102,PHT-P.V,"04/20/2020, 06:02:45",0.02,5000000.0,0.0,0.0,0,0,0,0.0,0.0,51.0,0.0,0.0,2018-12-31,ttm,ttm
1103,PINE-UN.V,"04/20/2020, 06:03:06",0.13,35240000.0,4580000.0,0.0,0,0,0,0.0,163.0,397.0,60.0,210.0,2018-12-31,2018-12-31,2018-12-31
1104,PIPE.V,"04/20/2020, 06:03:27",0.49,189780000.0,92990000.0,282810000.0,15440000.0,0.0,0.0,0.0,28647.0,293741.0,62521.0,10562.0,2019-12-31,2019-12-31,2019-12-31
1105,PIPE-WT.V,"04/20/2020, 06:03:47",0,0,0,0,0,0,0,0,0.0,0.0,0.0,0.0,Null,Null,Null
1106,PJT.V,"04/20/2020, 06:04:07",0.1,9080000.0,0.0,0.0,0.0,0.0,0,0.0,1889.0,1173.0,8910.0,944.0,2019-11-30,2019-11-30,2019-11-30
1107,PJX.V,"04/20/2020, 06:04:28",0.11,108050000.0,11890000.0,10680000.0,-3090000.0,0.0,0.0,0.0,2225.0,476.0,0.0,-2126.0,2018-12-31,2018-12-31,2018-12-31
1108,PKT.V,"04/20/2020, 06:04:49",0.11,34850000.0,3830000.0,3280000.0,0.0,0.0,0,0.0,768.0,74.0,215.0,-3504.0,2019-10-31,2019-10-31,2019-10-31
1109,PLA.V,"04/20/2020, 06:05:09",0.03,79030000.0,2370000.0,2170000.0,0.0,0.0,0,0.0,197.0,88.0,0.0,-673.0,2019-12-31,2019-12-31,2019-12-31
1110,PLAN.V,"04/20/2020, 06:05:29",0.02,26850000.0,0.0,0.0,0.0,0.0,0.0,0.0,396.0,169.0,0.0,-938.0,2019-04-30,2019-04-30,2019-04-30
1111,PLB-P.V,"04/20/2020, 06:05:51",0.035,4000000.0,0.0,0.0,0,0,0,0.0,201.0,0.0,0.0,-34.0,2019-11-30,2019-11-30,2019-11-30
1112,PLU.V,"04/20/2020, 06:06:11",0.22,85540000.0,18820000.0,18690000.0,0,0,0,0.0,1168.0,1085.0,0.0,-6393.0,2019-09-30,2019-09-30,2019-09-30
1113,PLX.V,"04/20/2020, 06:06:31",0.015,90640000.0,1360000.0,2280000.0,-4059999.9999999995,0.0,0,0.0,727.0,35596.0,6246.0,-2787.0,2018-12-31,2018-12-31,2018-12-31
1114,PLY.V,"04/20/2020, 06:06:52",0.035,70450000.0,2470000.0,2480000.0,0.0,0.0,0,0.0,4.0,195.0,0.0,-67.0,2019-02-28,2019-02-28,2019-02-28
1115,PML.V,"04/20/2020, 06:07:12",0.075,263839999.99999997,19790000.0,30010000.0,-2440000.0,0.0,0.0,0.0,2191.0,10955.0,0.0,-3099.0,2018-12-31,2018-12-31,2018-12-31
1116,PMR.V,"04/20/2020, 06:07:33",0.07,28850000.0,2020000.0,4220000.0,0,0,0,0.0,2.0,3954.0,0.0,-126.0,2018-12-31,2018-12-31,2018-12-31
1117,PMX.V,"04/20/2020, 06:07:54",0.075,7950000.0,0.0,0.0,0.0,0.0,0,0.0,5.0,171.0,26.0,0.0,2018-12-31,2018-12-31,2018-12-31
1118,PNG.V,"04/20/2020, 06:08:14",0.4,146020000.0,58410000.0,58430000.0,-2640000.0,0.0,0.0,0.0,4930.0,5731.0,6708.0,-6506.0,2018-12-31,2018-12-31,2018-12-31
1119,POE.V,"04/20/2020, 06:08:35",0.475,54500000.0,25890000.0,18230000.0,-3500000.0,0.0,0.0,0.0,24767.0,11256.0,397.0,-2554.0,2019-12-31,2019-12-31,2019-12-31
1120,POG.V,"04/20/2020, 06:08:56",0.08,897660000.0,71810000.0,79970000.0,-3790000.0,0.0,0,0.0,158.0,15964.0,2489.0,-3423.0,2018-12-31,2018-12-31,2018-12-31
1121,POND.V,"04/20/2020, 06:09:17",0.25,22680000.0,5670000.0,9010000.0,-3690000.0,0.0,0.0,0.0,2824.0,5578.0,3540.0,0.0,2018-12-31,2018-12-31,2018-12-31
1122,POOL.V,"04/20/2020, 06:09:37",0.045,71720000.0,3230000.0,3550000.0,0.0,0.0,0,0.0,146.0,608.0,372.0,-566.0,2018-12-31,2018-12-31,2018-12-31
1123,POR.V,"04/20/2020, 06:09:58",0.05,24000000.0,1200000.0,1190000.0,0.0,0.0,0,0.0,1.0,115.0,0.0,-712.0,2019-05-31,2019-05-31,2019-05-31
1124,PORE.V,"04/20/2020, 06:10:18",0.045,49080000.0,2210000.0,1490000.0,0,0,0,0.0,500.0,71.0,0.0,-429.0,2018-10-31,2018-10-31,2018-10-31
1125,PP.V,"04/20/2020, 06:10:39",0.025,32140000.0,0.0,0.0,0.0,0.0,0,0.0,18.0,1272.0,0.0,-61.0,2019-06-30,2019-06-30,2019-06-30
1126,PPCC-P.V,"04/20/2020, 06:10:59",0.15,3060000.0,0.0,0.0,0,0,0,0.0,549.0,17.0,0.0,-116.0,2018-12-31,2018-12-31,2018-12-31
1127,PPE-H.V,"04/20/2020, 06:11:19",0.005,36410000.0,0.0,0.0,0.0,0.0,0,0.0,0.0,3078.0,59.0,-48.0,2019-07-31,2019-07-31,2019-07-31
1128,PPK.V,"04/20/2020, 06:11:40",0.23,1960000.0,0.0,0.0,0,0,0,0.0,7.0,249.0,0.0,-4.0,2019-09-30,2019-09-30,2019-09-30
1129,PPM.V,"04/20/2020, 06:12:02",0.005,68580000.0,0.0,0.0,0.0,0.0,0,0.0,227.0,12.0,0.0,-277.0,2019-06-30,2019-06-30,2019-06-30
1130,PPX.V,"04/20/2020, 06:12:22",0.05,501420000.0,25070000.0,32270000.000000004,-2180000.0,0.0,0.0,0.0,455.0,8849.0,0.0,-2682.0,2018-09-30,2018-09-30,2018-09-30
1131,PQE.V,"04/20/2020, 06:12:43",0.08,197940000.0,16180000.0,24310000.0,-12330000.0,0.0,0.0,0.0,50.0,15037.0,59.0,-7872.0,2019-08-31,2019-08-31,2019-08-31
1132,PRB.V,"04/20/2020, 06:13:04",0.82,122790000.0,100680000.0,63290000.0,-11120000.0,0.0,0.0,0.0,39333.0,7519.0,0.0,-8955.0,2019-12-31,2019-12-31,2019-12-31
1133,PRE.V,"04/20/2020, 06:13:27",0.005,235290000.0,1180000.0,6140000.0,-1190000.0,0.0,0.0,0.0,40.0,8495.0,745.0,-1007.0,2018-12-31,2018-12-31,2018-12-31
1134,PRG.V,"04/20/2020, 06:13:49",0.135,92870000.0,12540000.0,11090000.0,0.0,0.0,0,0.0,1400.0,40.0,0.0,-1082.0,2019-11-30,2019-11-30,2019-11-30
1135,PRH.V,"04/20/2020, 06:14:09",0.125,27310000.0,3410000.0,3410000.0,0,0,0.0,0,23187.0,42718.0,271634.0,13263.0,2018-12-31,2018-12-31,2018-12-31
1136,PRO.V,"04/20/2020, 06:14:32",0.035,114190000.0,4000000.0,3510000.0,0,0,0,0.0,152.0,210.0,0.0,-10.0,2019-02-28,2019-02-28,2019-02-28
1137,PRS.V,"04/20/2020, 06:14:52",0.01,51950000.0,0.0,0.0,0.0,0.0,0,0.0,22.0,1090.0,0.0,-80.0,2018-12-31,2018-12-31,2018-12-31
1138,PRYM.V,"04/20/2020, 06:15:12",0.48,59110000.0,28370000.0,28130000.0,-2900000.0,0.0,0.0,0.0,6.0,744.0,0.0,-830.0,2019-04-30,2019-04-30,2019-04-30
1139,PSH.V,"04/20/2020, 06:15:34",0.125,192170000.0,23900000.0,314260000.0,89590000.0,0.0,0.0,0.0,607.0,397627.0,165258.0,78536.0,2019-12-31,2019-12-31,2019-12-31
1140,PSL.V,"04/20/2020, 06:15:55",0.02,57470000.0,1150000.0,0.0,0,0,0,0.0,504.0,52.0,0.0,-918.0,2018-12-31,2018-12-31,2018-12-31
1141,PST.V,"04/20/2020, 06:16:15",0.015,64190000.0,0.0,0.0,0.0,0.0,0.0,0.0,78.0,481.0,0.0,-650.0,2019-05-31,2019-05-31,2019-05-31
1142,PT-UN.V,"04/20/2020, 06:16:35",0.1,0,3520000.0,0.0,0,0,0,0,163.0,397.0,60.0,210.0,2018-12-31,2018-12-31,2018-12-31
1143,PTC.V,"04/20/2020, 06:16:56",0.02,55130000.0,1100000.0,0.0,0.0,0.0,0,0.0,274.0,423.0,604.0,-20.0,2019-12-31,2019-12-31,2019-12-31
1144,PTE.V,"04/20/2020, 06:17:17",0.085,56040000.0,4760000.0,4150000.0000000005,-1500000.0,0.0,0.0,0.0,1931.0,1359.0,3942.0,-1753.0,2019-09-30,2019-09-30,2019-09-30
1145,PTF.V,"04/20/2020, 06:17:38",3.01,8080000.0,24330000.0,11120000.0,0,0,0,0.0,0.0,525.0,-1145.0,-293.0,2018-12-31,2018-12-31,2018-12-31
1146,PTK.V,"04/20/2020, 06:17:58",0.53,288360000.0,152830000.0,157530000.0,-13470000.0,0.0,0.0,0.0,2568.0,4043.0,3888.0,-9289.0,2018-12-31,2018-12-31,2018-12-31
1147,PTP-H.V,"04/20/2020, 06:18:21",0.005,35290000.0,0.0,9580000.0,0.0,0.0,0,0.0,14.0,12739.0,0.0,-319.0,2018-12-31,2018-12-31,2018-12-31
1148,PTQ.V,"04/20/2020, 06:18:43",0.85,83590000.0,71050000.0,93250000.0,13730000.0,0.0,0.0,0.0,12855.0,36016.0,80967.0,11107.0,2019-09-30,2019-09-30,2019-09-30
1149,PTQ-DB-A.V,"04/20/2020, 06:19:05",0,0,0,0,0,0,0,0,0.0,0.0,0.0,0.0,Null,Null,Null
1150,PTU.V,"04/20/2020, 06:19:26",0.065,223370000.0,14520000.0,13490000.0,-1200000.0,0.0,0,0.0,1856.0,420.0,0.0,-1702.0,2018-12-31,2018-12-31,2018-12-31
1151,PUC.V,"04/20/2020, 06:19:47",0.045,215200000.0,9680000.0,7350000.0,0,0,0.0,0.0,1726.0,789.0,8.0,-1889.0,2018-12-31,2018-12-31,2018-12-31
1152,PUL.V,"04/20/2020, 06:20:10",0.02,151590000.0,3030000.0,2170000.0,0.0,0.0,0,0.0,10287.0,6490.0,2671.0,1909.0,2018-12-31,2018-12-31,2018-12-31
1153,PUMA.V,"04/20/2020, 06:20:29",0.065,31140000.0,2020000.0,2080000.0,0.0,0.0,0,0.0,93.0,3824.0,0.0,-614.0,2019-02-28,2019-02-28,2019-02-28
1154,PURE.V,"04/20/2020, 06:20:52",0.035,0,5650000.0,0.0,0,0,0,0,7737.0,13087.0,0.0,-8988.0,2018-12-31,2018-12-31,2018-12-31
1155,PURE-H.V,"04/20/2020, 06:21:13",0.02,161560000.0,3230000.0,13740000.0,-9170000.0,0.0,0.0,0.0,7737.0,13087.0,0.0,-8988.0,2018-12-31,2018-12-31,2018-12-31
1156,PVF-UN.V,"04/20/2020, 06:21:35",47.5,73470000.0,3490000000.0,-1130000000.0,0,0,0.0,0.0,99497.0,1084146.0,77030.0,9178.0,2019-12-31,2019-12-31,2019-12-31
1157,PVF-WT.V,"04/20/2020, 06:21:56",0,0,0,0,0,0,0,0,0.0,0.0,0.0,0.0,Null,Null,Null
1158,PWM.V,"04/20/2020, 06:22:19",0.28,102330000.0,28650000.0,28640000.0,-1110000.0,0.0,0,0.0,11.0,645.0,0.0,-726.0,2019-11-30,2019-11-30,2019-11-30
1159,PX.V,"04/20/2020, 06:22:42",0.15,41780000.0,6270000.0,5280000.0,-1270000.0,0.0,0,0.0,1139.0,677.0,0.0,-1173.0,2018-12-31,2018-12-31,2018-12-31
1160,PXI.V,"04/20/2020, 06:23:05",0.05,212040000.0,10600000.0,6760000.0,0,0,0.0,0.0,4705.0,40.0,-504.0,-600.0,2019-03-31,2019-03-31,2019-03-31
1161,PYR.V,"04/20/2020, 06:23:31",0.49,139920000.0,68560000.0,76090000.0,-5880000.0,0.0,0,0.0,644.0,9766.0,5030.0,-3278.0,2018-12-31,2018-12-31,2018-12-31
1162,QAI-H.V,"04/20/2020, 06:23:55",0.2,1880000.0,0.0,0.0,0,0,0,0.0,45.0,32.0,0.0,-50.0,2019-02-28,2019-02-28,2019-02-28
1163,QBC-P.V,"04/20/2020, 06:24:17",0.085,5500000.0,0.0,0.0,0,0,0,0.0,300.0,13.0,0.0,0.0,2018-12-31,ttm,ttm
1164,QGR.V,"04/20/2020, 06:24:39",0.2,19730000.0,3950000.0,3880000.0,0.0,0.0,0,0.0,454.0,76.0,0.0,-533.0,2018-12-31,2018-12-31,2018-12-31
1165,QIS.V,"04/20/2020, 06:25:03",0.92,71550000.0,65819999.99999999,66890000.0,1130000.0,0.0,0.0,0.0,1677.0,13577.0,16441.0,867.0,2018-12-31,2018-12-31,2018-12-31
1166,QIT.V,"04/20/2020, 06:25:26",0.02,41780000.0,0.0,0.0,0.0,0.0,0,0.0,68.0,132.0,0.0,-287.0,2019-01-31,2019-01-31,2019-01-31
1167,QMC.V,"04/20/2020, 06:25:47",0.065,68440000.0,4450000.0,4520000.0,-1190000.0,0.0,0.0,0.0,39.0,1623.0,0.0,-1270.0,2019-08-31,2019-08-31,2019-08-31
1168,QMX.V,"04/20/2020, 06:26:10",0.11,378500000.0,41640000.0,28500000.0,-2600000.0,0.0,0.0,0.0,1307.0,8247.0,0.0,-2125.0,2018-12-31,2018-12-31,2018-12-31
1169,QNC.V,"04/20/2020, 06:26:35",0.085,60530000.0,5140000.0,4720000.0,0,0,0,0.0,909.0,62.0,0.0,-871.0,2018-12-31,2018-12-31,2018-12-31
1170,QPT.V,"04/20/2020, 06:26:59",0.13,167390000.0,21760000.0,22770000.0,-10840000.0,0.0,0,0.0,3461.0,10144.0,0.0,-6908.0,2019-01-31,2019-01-31,2019-01-31
1171,QRC.V,"04/20/2020, 06:27:19",0.44,276250000.0,121550000.0,15850000.0,0,0,0,0.0,1987.0,15.0,0.0,-214.0,2019-08-31,2019-08-31,2019-08-31
1172,QRO.V,"04/20/2020, 06:27:40",0.105,39830000.0,4179999.9999999995,3560000.0,0,0,0,0.0,161.0,99.0,0.0,-136.0,2019-07-31,2019-07-31,2019-07-31
1173,QST.V,"04/20/2020, 06:28:00",1.84,27220000.0,50080000.0,37670000.0,13220000.0,0.0,0.0,0.0,13491.0,6776.0,30194.0,11580.0,2019-12-31,2019-12-31,2019-12-31
1174,QTA.V,"04/20/2020, 06:28:24",0.055,217620000.0,11970000.0,10390000.0,0,0,0.0,0.0,1977.0,690.0,0.0,-1621.0,2019-12-31,2019-12-31,2019-12-31
1175,QUIS.V,"04/20/2020, 06:28:44",0.63,109840000.0,69200000.0,72830000.0,0.0,0.0,0.0,0.0,273.0,8771.0,12607.0,-2422.0,2018-12-31,2018-12-31,2018-12-31
1176,QX.V,"04/20/2020, 06:29:05",0.03,14660000.0,0.0,0.0,0,0,0.0,0.0,240.0,246.0,0.0,-423.0,2019-06-30,2019-06-30,2019-06-30
1177,QYOU.V,"04/20/2020, 06:29:26",0.035,178820000.0,6260000.0,5360000.0,-6330000.0,0.0,0.0,0.0,305.0,1744.0,4718.0,-3961.0,2019-06-30,2019-06-30,2019-06-30
1178,QZM.V,"04/20/2020, 06:29:46",0.205,8490000.0,1740000.0,0.0,0,0,0,0.0,72.0,3076.0,0.0,-91.0,2019-07-31,2019-07-31,2019-07-31
1179,RAK.V,"04/20/2020, 06:30:08",0.095,25260000.0,2400000.0,2380000.0,0.0,0.0,0,0.0,16.0,308.0,0.0,-78.0,2019-12-31,2019-12-31,2019-12-31
1180,RBX.V,"04/20/2020, 06:30:28",0.3,580260000.0,174080000.0,189770000.0,39330000.0,0.0,0.0,0.0,7422.0,52776.0,78382.0,24912.0,2018-12-31,2018-12-31,2018-12-31
1181,RCC-H.V,"04/20/2020, 06:30:48",0.05,31930000.0,1600000.0,0.0,0,0,0,0.0,817.0,7.0,0.0,-127.0,2019-12-31,2019-12-31,2019-12-31
1182,RCK.V,"04/20/2020, 06:31:09",0.54,38800000.0,20950000.0,17360000.0,-1020000.0,0.0,0,0.0,1651.0,242.0,0.0,-1037.0,2019-12-31,2019-12-31,2019-12-31
1183,RCT.V,"04/20/2020, 06:31:29",0.05,20850000.0,1040000.0,10870000.0,0.0,0.0,0,0.0,6.0,24589.0,6988.0,-161.0,2019-05-31,2019-05-31,2019-05-31
1184,RDS.V,"04/20/2020, 06:31:53",0.165,189600000.0,31280000.0,25120000.0,0.0,0.0,0,0.0,1120.0,1802.0,18.0,-455.0,2018-12-31,2018-12-31,2018-12-31
1185,RDU.V,"04/20/2020, 06:32:15",0.15,86800000.0,13020000.0,9060000.0,-1010000.0,0.0,0.0,0.0,4716.0,70.0,0.0,-1785.0,2018-12-31,2018-12-31,2018-12-31
1186,RE.V,"04/20/2020, 06:32:36",1.04,32170000.0,33460000.0,29380000.0,0,0,0.0,0.0,8860.0,982.0,1019.0,-841.0,2018-12-31,2018-12-31,2018-12-31
1187,RECO.V,"04/20/2020, 06:32:56",0.4,70940000.0,28380000.0,22310000.0,0,0,0.0,0.0,553.0,328.0,0.0,-253.0,2019-06-30,2019-06-30,2019-06-30
1188,REG.V,"04/20/2020, 06:33:17",0.65,101840000.0,66200000.0,57540000.0,-7790000.0,0.0,0,0.0,3036.0,2503.0,0.0,-4950.0,2019-09-30,2019-09-30,2019-09-30
1189,REKO.V,"04/20/2020, 06:33:42",3.05,6310000.0,19250000.0,21810000.0,6060000.0,0.0,0.0,0.0,5448.0,13933.0,47989.0,6765.0,2019-07-31,2019-07-31,2019-07-31
1190,REL.V,"04/20/2020, 06:34:03",0.105,31730000.0,3330000.0,1290000.0,0.0,0.0,0,0.0,187.0,157.0,0.0,-511.0,2018-12-31,2018-12-31,2018-12-31
1191,REN.V,"04/20/2020, 06:34:25",0.275,68460000.0,18830000.0,16239999.999999998,-1840000.0,0.0,0.0,0.0,4696.0,603.0,0.0,-1997.0,2018-06-30,2018-06-30,2018-06-30
1192,REVO.V,"04/20/2020, 06:34:47",0.165,158140000.0,26090000.0,25850000.0,-2770000.0,0.0,0.0,0.0,814.0,171.0,724.0,-2360.0,2019-05-31,2019-05-31,2019-05-31
1193,REW-H.V,"04/20/2020, 06:35:12",0.035,17480000.0,0.0,0.0,0,0,0,0.0,1.0,133.0,0.0,-858.0,2019-09-30,2019-09-30,2019-09-30
1194,REX.V,"04/20/2020, 06:35:33",0.095,122030000.0,11590000.0,11090000.0,-2020000.0,0.0,0,0.0,999.0,89.0,0.0,-1902.0,2019-04-30,2019-04-30,2019-04-30
1195,RFC.V,"04/20/2020, 06:35:55",0.75,21600000.0,16200000.0,207350000.0,0,0,0.0,0.0,0.0,201421.0,29010.0,10574.0,2019-03-31,2019-03-31,2019-03-31
1196,RG.V,"04/20/2020, 06:36:16",0.03,198400000.0,5950000.0,5180000.0,-2160000.0,0.0,0.0,0.0,2869.0,1040.0,0.0,-1140.0,2019-06-30,2019-06-30,2019-06-30
1197,RGC.V,"04/20/2020, 06:36:37",0.03,300050000.0,9000000.0,7170000.0,-1770000.0,0.0,0,0.0,2419.0,171.0,0.0,-767.0,2019-03-31,2019-03-31,2019-03-31
1198,RGD.V,"04/20/2020, 06:36:57",0.085,432000000.0,36720000.0,30190000.0,-14630000.0,0.0,0.0,0.0,9072.0,2085.0,0.0,-17550.0,2019-03-31,2019-03-31,2019-03-31
1199,RGI.V,"04/20/2020, 06:37:17",0.02,25640000.0,0.0,1200000.0,0.0,0.0,0,0.0,138.0,1069.0,2495.0,10.0,2019-09-30,2019-09-30,2019-09-30
1200,RGM-H.V,"04/20/2020, 06:37:38",0.07,3600000.0,0.0,0.0,0,0,0,0.0,293.0,545.0,0.0,-179.0,2018-12-31,2018-12-31,2018-12-31
1201,RHC.V,"04/20/2020, 06:37:58",0.035,36210000.0,1270000.0,1230000.0,0,0,0,0.0,44.0,1019.0,0.0,-765.0,2018-12-31,2018-12-31,2018-12-31
1202,RHT.V,"04/20/2020, 06:38:18",0.42,135760000.0,57020000.0,57690000.0,0,0,0.0,0.0,468.0,1101.0,181.0,-11964.0,2019-06-30,2019-06-30,2019-06-30
1203,RIO.V,"04/20/2020, 06:38:38",0.425,180740000.0,76810000.0,57640000.0,-9050000.0,0.0,0,0.0,1102.0,2420.0,0.0,-3760.0,2018-12-31,2018-12-31,2018-12-31
1204,RJX-A.V,"04/20/2020, 06:38:58",0.195,51390000.0,10020000.0,10010000.0,1530000.0,0.0,0,0.0,698.0,392.0,0.0,-295.0,2018-12-31,2018-12-31,2018-12-31
1205,RK.V,"04/20/2020, 06:39:18",0.1,187640000.0,18760000.0,15890000.0,0,0,0,0.0,2877.0,2578.0,0.0,-432.0,2019-12-31,2019-12-31,2019-12-31
1206,RKR.V,"04/20/2020, 06:39:38",0.145,39670000.0,5750000.0,4160000.0,0,0,0,0.0,63.0,831.0,0.0,-362.0,2018-12-31,2018-12-31,2018-12-31
1207,RLV.V,"04/20/2020, 06:39:59",0.05,147450000.0,7370000.0,10120000.0,-3020000.0,0.0,0.0,0.0,880.0,3512.0,4054.0,-3212.0,2019-06-30,2019-06-30,2019-06-30
1208,RM.V,"04/20/2020, 06:40:19",0.03,41510000.0,1250000.0,4940000.0,0,0,0,0.0,4.0,1802.0,-831.0,-5.0,2019-12-31,2019-12-31,2019-12-31
1209,RMD.V,"04/20/2020, 06:40:40",0.04,119810000.0,4790000.0,3180000.0,0.0,0.0,0,0.0,108.0,185.0,0.0,-309.0,2019-05-31,2019-05-31,2019-05-31
1210,RMI.V,"04/20/2020, 06:41:03",0.215,42210000.0,9080000.0,7360000.0,0,0,0,0.0,84.0,67.0,0.0,-1912.0,2018-12-31,2018-12-31,2018-12-31
1211,RMK.V,"04/20/2020, 06:41:24",0.05,50600000.0,2530000.0,2290000.0,0.0,0.0,0,0.0,1.0,290.0,0.0,-66.0,2018-12-31,2018-12-31,2018-12-31
1212,RML.V,"04/20/2020, 06:41:44",0.06,544810000.0,32689999.999999996,48880000.0,0,0,0,0.0,51.0,104065.0,0.0,-239.0,2018-12-31,2018-12-31,2018-12-31
1213,RMO.V,"04/20/2020, 06:42:06",0.05,5800000.0,0.0,0.0,0.0,0.0,0.0,0.0,15.0,216.0,0.0,-96.0,2019-04-30,2019-04-30,2019-04-30
1214,RNP.V,"04/20/2020, 06:42:26",0.25,11540000.0,2880000.0,4430000.0,0,0,0.0,0.0,117.0,1943.0,3278.0,989.0,2019-12-31,2019-12-31,2019-12-31
1215,ROC-H.V,"04/20/2020, 06:42:46",0.065,15930000.0,1040000.0,0.0,0,0,0,0.0,23.0,293.0,0.0,-308.0,2019-05-31,2019-05-31,2019-05-31
1216,ROCK.V,"04/20/2020, 06:43:06",0.11,33900000.0,3730000.0,2790000.0,0,0,0,0.0,773.0,74.0,0.0,-1256.0,2019-07-31,2019-07-31,2019-07-31
1217,ROE.V,"04/20/2020, 06:43:27",0.04,316390000.0,12660000.0,16460000.0,-1160000.0,0.0,0.0,0.0,1246.0,5941.0,25019.0,-2652.0,2018-12-31,2018-12-31,2018-12-31
1218,ROE-WT-A.V,"04/20/2020, 06:43:47",0,0,0,0,0,0,0,0,0.0,0.0,0.0,0.0,Null,Null,Null
1219,ROI.V,"04/20/2020, 06:44:07",0.62,36270000.0,22490000.0,25210000.0,1100000.0,0.0,0.0,0.0,1073.0,5208.0,26231.0,419.0,2018-12-31,2018-12-31,2018-12-31
1220,ROK.V,"04/20/2020, 06:44:27",0.09,43270000.0,3890000.0,1130000.0,0,0,0,0.0,1056.0,24.0,14.0,-380.0,2018-12-31,2018-12-31,2018-12-31
1221,ROS.V,"04/20/2020, 06:44:47",0.25,167370000.0,41840000.0,39070000.0,0,0,0.0,0.0,240.0,414.0,0.0,-4672.0,2019-10-31,2019-10-31,2019-10-31
1222,ROX.V,"04/20/2020, 06:45:08",0.03,48700000.0,1460000.0,1430000.0,0.0,0.0,0,0.0,246.0,223.0,0.0,-419.0,2019-06-30,2019-06-30,2019-06-30
1223,ROYL.V,"04/20/2020, 06:45:28",0.49,10270000.0,5030000.0,5220000.0,0,0,0,0.0,8.0,804.0,0.0,-20.0,2019-02-28,2019-02-28,2019-02-28
1224,ROZ-P.V,"04/20/2020, 06:45:48",0.15,4500000.0,0.0,0.0,0,0,0,0.0,0.0,0.0,0.0,0.0,Null,ttm,ttm
1225,RP.V,"04/20/2020, 06:46:08",0.26,28290000.0,7350000.0,8010000.0,-3310000.0,0.0,0,0.0,2419.0,3683.0,121.0,-386.0,2018-12-31,2018-12-31,2018-12-31
1226,RPC.V,"04/20/2020, 06:46:27",0.04,113580000.0,4540000.0,5820000.0,-2450000.0,0.0,0.0,0.0,2005.0,1027.0,335.0,-2218.0,2018-12-31,2018-12-31,2018-12-31
1227,RPP.V,"04/20/2020, 06:46:48",0.045,40040000.0,1800000.0,23260000.0,1800000.0,0.0,0.0,0.0,0.0,24547.0,2129.0,1938.0,2018-12-31,2018-12-31,2018-12-31
1228,RPX.V,"04/20/2020, 06:47:08",0.03,477220000.0,14320000.0,11800000.0,-4680000.0,0.0,0.0,0.0,698.0,482.0,0.0,-4893.0,2019-07-31,2019-07-31,2019-07-31
1229,RRI.V,"04/20/2020, 06:47:29",0.15,62840000.0,9430000.0,4179999.9999999995,0.0,0.0,0,0.0,5142.0,2279.0,0.0,-890.0,2019-09-30,2019-09-30,2019-09-30
1230,RRR-UN.V,"04/20/2020, 06:47:48",0.06,33430000.0,2009999.9999999998,81470000.0,6070000.0,0.0,0.0,0.0,7118.0,51776.0,15518.0,2985.0,2018-12-31,2018-12-31,2018-12-31
1231,RRS.V,"04/20/2020, 06:48:09",0.065,26340000.0,1710000.0,2500000.0,0,0,0.0,0.0,80.0,482.0,0.0,-180.0,2019-04-30,2019-04-30,2019-04-30
1232,RSS.V,"04/20/2020, 06:48:28",0.18,59300000.0,10670000.0,10770000.0,-2940000.0,0.0,0.0,0.0,1134.0,632.0,618.0,-4074.0,2018-12-31,2018-12-31,2018-12-31
1233,RSV.V,"04/20/2020, 06:48:48",0.09,22840000.0,2060000.0,1890000.0,0.0,0.0,0,0.0,64.0,91.0,0.0,-489.0,2019-08-31,2019-08-31,2019-08-31
1234,RTH.V,"04/20/2020, 06:49:08",0.09,161700000.0,14550000.0,16480000.0,-3500000.0,0.0,0,0.0,35.0,6339.0,0.0,-1692.0,2018-12-31,2018-12-31,2018-12-31
1235,RTI.V,"04/20/2020, 06:49:33",0.155,274180000.0,42500000.0,52940000.0,-24140000.0,0.0,0.0,0.0,31753.0,10184.0,214.0,-15322.0,2019-03-31,2019-03-31,2019-03-31
1236,RTM.V,"04/20/2020, 06:49:58",0.03,16860000.0,0.0,0.0,0.0,0.0,0.0,0.0,5.0,123.0,0.0,-191.0,2019-11-30,2019-11-30,2019-11-30
1237,RTN.V,"04/20/2020, 06:50:18",0.02,2610000000.0,52210000.0,27560000.0,-1620000.0,0.0,0,0.0,24653.0,8605.0,1649.0,-1298.0,2019-12-31,2019-12-31,2019-12-31
1238,RUG.V,"04/20/2020, 06:50:40",0.1,93770000.0,9380000.0,8570000.0,0,0,0,0.0,554.0,199.0,0.0,-1992.0,2019-02-28,2019-02-28,2019-02-28
1239,RUM.V,"04/20/2020, 06:51:05",0.04,47490000.0,1900000.0,22930000.0,1370000.0,0.0,0.0,0.0,574.0,14905.0,44068.0,230.0,2018-12-31,2018-12-31,2018-12-31
1240,RUN-H.V,"04/20/2020, 06:51:28",0.01,54770000.0,0.0,0.0,0.0,0.0,0,0.0,924.0,42.0,0.0,-247.0,2019-11-30,2019-11-30,2019-11-30
1241,RUP.V,"04/20/2020, 06:51:55",0.75,155470000.0,116600000.0,99980000.0,-4150000.0000000005,0.0,0,0.0,5950.0,9947.0,0.0,-3017.0,2019-02-28,2019-02-28,2019-02-28
1242,RVG.V,"04/20/2020, 06:52:15",0.72,55420000.0,39900000.0,37190000.0,-6350000.0,0.0,0,0.0,4424.0,769.0,0.0,-6133.0,2019-06-30,2019-06-30,2019-06-30
1243,RVL.V,"04/20/2020, 06:52:49",0.01,167400000.0,3350000.0,5250000.0,-2430000.0,0.0,0,0.0,679.0,4049.0,0.0,-1949.0,2019-01-31,2019-01-31,2019-01-31
1244,RW.V,"04/20/2020, 06:53:20",0.24,36610000.0,8790000.0,8600000.0,0.0,0.0,0,0.0,500.0,1398.0,4264.0,-391.0,2019-12-31,2019-12-31,2019-12-31
1245,RX.V,"04/20/2020, 06:53:43",4.0,13110000.0,52440000.0,34220000.0,6460000.0,0.0,0.0,0.0,21973.0,5171.0,21424.0,4771.0,2019-12-31,2019-12-31,2019-12-31
1246,RYE.V,"04/20/2020, 06:54:05",0.04,52050000.0,2080000.0,0.0,0,0,0,0.0,2641.0,19.0,0.0,-111.0,2019-06-30,2019-06-30,2019-06-30
1247,RYO.V,"04/20/2020, 06:54:26",0.02,59670000.0,1090000.0,1080000.0,0,0,0,0.0,2.0,564.0,0.0,-153.0,2018-12-31,2018-12-31,2018-12-31
1248,RYR.V,"04/20/2020, 06:54:47",0.215,228470000.0,49120000.0,45000000.0,-2570000.0,0.0,0,0.0,3397.0,212.0,0.0,-3723.0,2018-12-31,2018-12-31,2018-12-31
1249,RYU.V,"04/20/2020, 06:55:08",0.01,629660000.0,6300000.0,16260000.000000002,-14660000.0,0.0,0.0,0.0,1205.0,2357.0,5048.0,-18371.0,2018-12-31,2018-12-31,2018-12-31
1250,RZE.V,"04/20/2020, 06:55:29",0.28,21100000.0,5910000.0,52810000.0,10120000.0,0.0,0.0,0.0,2239.0,143321.0,122899.0,22360.0,2018-12-31,2018-12-31,2018-12-31
1251,RZZ.V,"04/20/2020, 06:55:49",18.21,12520000.0,228020000.0,226610000.0,0,0,0,0.0,1690.0,4460.0,329.0,-4042.0,2018-12-31,2018-12-31,2018-12-31
1252,SA.V,"04/20/2020, 06:56:09",0.285,19090000.0,5440000.0,2530000.0,0.0,0.0,0.0,0.0,1952.0,1590.0,0.0,-2044.0,2019-06-30,2019-06-30,2019-06-30
1253,SAE.V,"04/20/2020, 06:56:30",0.085,162140000.0,13780000.0,9150000.0,-5200000.0,0.0,0.0,0.0,4801.0,1719.0,0.0,-5658.0,2019-12-31,2019-12-31,2019-12-31
1254,SAH.V,"04/20/2020, 06:56:50",0.015,289680000.0,4350000.0,-4850000.0,0.0,0.0,0,0.0,9502.0,905.0,162.0,-647.0,2018-12-31,2018-12-31,2018-12-31
1255,SAI-H.V,"04/20/2020, 06:57:10",0.005,72010000.0,0.0,0.0,0.0,0.0,0,0.0,44.0,3112.0,640.0,-202.0,2018-12-31,2018-12-31,2018-12-31
1256,SAT.V,"04/20/2020, 06:57:31",0.085,24400000.0,2069999.9999999998,0.0,-2530000.0,0.0,0.0,0.0,3774.0,4673.0,14830.0,461.0,2018-12-31,2018-12-31,2018-12-31
1257,SAY.V,"04/20/2020, 06:57:52",0.02,182260000.0,3650000.0,5570000.0,0.0,0.0,0,0.0,436.0,5022.0,11011.0,-576.0,2019-09-30,2019-09-30,2019-09-30
1258,SB.V,"04/20/2020, 06:58:13",0.06,38330000.0,2300000.0,2009999.9999999998,0.0,0.0,0.0,0.0,437.0,566.0,0.0,-421.0,2018-12-31,2018-12-31,2018-12-31
1259,SBM.V,"04/20/2020, 06:58:33",0.3,226160000.0,67850000.0,66060000.0,0,0,0.0,0.0,3735.0,2067.0,135.0,-3559.0,2019-10-31,2019-10-31,2019-10-31
1260,SBTC-P.V,"04/20/2020, 06:58:53",0.04,11620000.0,0.0,0.0,0,0,0,0.0,640.0,43.0,0.0,-77.0,2019-03-31,2019-03-31,2019-03-31
1261,SBW.V,"04/20/2020, 06:59:12",0.075,133820000.0,10040000.0,10380000.0,-1610000.0,0.0,0.0,0.0,3331.0,9158.0,0.0,-1944.0,2019-01-31,2019-01-31,2019-01-31
1262,SC-H.V,"04/20/2020, 06:59:33",0.05,73940000.0,3700000.0,3690000.0,0,0,0,0.0,0.0,704.0,0.0,1.0,2018-12-31,2018-12-31,2018-12-31
1263,SCD.V,"04/20/2020, 06:59:55",0.05,32979999.999999996,1650000.0,1220000.0,0,0,0,0.0,499.0,390.0,17.0,67.0,2019-10-31,2019-10-31,2019-10-31
1264,SCH-P.V,"04/20/2020, 07:00:15",0.05,4750000.0,0.0,0.0,0,0,0,0.0,271.0,31.0,0.0,-57.0,2018-12-31,2018-12-31,2018-12-31
1265,SCLT.V,"04/20/2020, 07:00:35",0.03,24930000.0,0.0,0.0,0.0,0.0,0,0.0,0.0,0.0,0.0,0.0,Null,ttm,ttm
1266,SCOT.V,"04/20/2020, 07:00:55",0.215,88310000.0,18990000.0,18220000.0,0,0,0,0.0,182.0,840.0,0.0,-275.0,2019-08-31,2019-08-31,2019-08-31
1267,SCPO-UN.V,"04/20/2020, 07:01:15",8.75,0,0,0.0,0,0,0,0,0.0,0.0,0.0,0.0,Null,ttm,ttm
1268,SCR.V,"04/20/2020, 07:01:37",0.41,357060000.0,146400000.0,143050000.0,-13170000.0,0.0,0.0,0.0,4035.0,7443.0,31121.0,-5396.0,2019-08-31,2019-08-31,2019-08-31
1269,SCT.V,"04/20/2020, 07:01:57",0.195,11950000.0,2330000.0,3050000.0,0.0,0.0,0.0,0.0,142.0,1310.0,976.0,-939.0,2019-03-31,2019-03-31,2019-03-31
1270,SCZ.V,"04/20/2020, 07:02:17",0.115,210790000.0,24240000.0,32250000.0,-4260000.0,0.0,0,0.0,18.0,21821.0,13151.0,423.0,2018-12-31,2018-12-31,2018-12-31
1271,SDC.V,"04/20/2020, 07:02:38",0.035,55730000.0,1950000.0,1920000.0,0,0,0,0.0,101.0,138.0,0.0,-109.0,2019-03-31,2019-03-31,2019-03-31
1272,SDI.V,"04/20/2020, 07:02:58",0.09,132050000.00000001,11880000.0,23250000.0,3420000.0,0.0,0.0,0.0,321.0,16628.0,23697.0,1679.0,2019-12-31,2019-12-31,2019-12-31
1273,SDR.V,"04/20/2020, 07:03:18",0.18,33320000.0,6000000.0,6500000.0,0.0,0.0,0,0.0,0.0,1533.0,29.0,-87.0,2018-12-31,2018-12-31,2018-12-31
1274,SEB.V,"04/20/2020, 07:03:38",0.095,165760000.0,15750000.0,36290000.0,-3560000.0,0.0,0,0.0,750.0,55667.0,77079.0,-1765.0,2018-11-30,2018-11-30,2018-11-30
1275,SEI.V,"04/20/2020, 07:03:58",0.065,120590000.0,8220000.000000001,8380000.000000001,0,0,0,0.0,173.0,5403.0,0.0,-343.0,2019-12-31,2019-12-31,2019-12-31
1276,SFI.V,"04/20/2020, 07:04:18",0.38,79230000.0,30110000.0,41070000.0,0.0,0.0,0.0,0.0,583.0,15006.0,9640.0,5334.0,2019-10-31,2019-10-31,2019-10-31
1277,SFR.V,"04/20/2020, 07:04:38",0.25,821110000.0,205280000.0,207240000.0,-12850000.0,0.0,0.0,0.0,4077.0,1147.0,0.0,-13592.0,2019-06-30,2019-06-30,2019-06-30
1278,SFT.V,"04/20/2020, 07:04:58",0.01,39850000.0,0.0,0.0,0.0,0.0,0.0,0.0,114.0,194.0,26.0,-85.0,2018-12-31,2018-12-31,2018-12-31
1279,SFX.V,"04/20/2020, 07:05:19",0.01,126180000.0,1260000.0,0.0,0,0,0,0.0,1010.0,531.0,20.0,-993.0,2019-02-28,2019-02-28,2019-02-28
1280,SGC.V,"04/20/2020, 07:05:39",0.055,69530000.0,3820000.0,2570000.0,0,0,0,0.0,3484.0,704.0,0.0,-1642.0,2019-06-30,2019-06-30,2019-06-30
1281,SGE.V,"04/20/2020, 07:06:01",1.56,4320000.0,6740000.0,-4980000.0,0,0,0,0.0,11717.0,515.0,695.0,6573.0,2019-12-31,2019-12-31,2019-12-31
1282,SGI.V,"04/20/2020, 07:06:22",0.7,96980000.0,67890000.0,53000000.0,-4220000.0,0.0,0.0,0.0,22232.0,69453.0,115583.0,15887.0,2019-12-31,2019-12-31,2019-12-31
1283,SGMA.V,"04/20/2020, 07:06:43",1.89,68880000.0,130180000.0,132310000.0,-3970000.0,0.0,0.0,0.0,4161.0,7695.0,0.0,-3472.0,2018-12-31,2018-12-31,2018-12-31
1284,SGN.V,"04/20/2020, 07:07:06",0.075,62470000.0,4690000.0,1500000.0,-1550000.0,0.0,0,0.0,1100.0,11811.0,9824.0,2498.0,2018-12-31,2018-12-31,2018-12-31
1285,SGU.V,"04/20/2020, 07:07:26",0.05,108360000.0,5420000.0,5500000.0,0.0,0.0,0.0,0.0,267.0,2111.0,0.0,-125.0,2019-10-31,2019-10-31,2019-10-31
1286,SGZ.V,"04/20/2020, 07:07:46",0.04,123200000.0,4930000.0,4600000.0,0,0,0.0,0.0,15.0,270.0,0.0,-288.0,2019-06-30,2019-06-30,2019-06-30
1287,SHL.V,"04/20/2020, 07:08:06",0.035,108710000.0,3800000.0,4000000.0,0.0,0.0,0.0,0.0,24.0,541.0,0.0,-514.0,2019-04-30,2019-04-30,2019-04-30
1288,SHM.V,"04/20/2020, 07:08:26",0.01,43790000.0,0.0,0.0,0.0,0.0,0,0.0,70.0,869.0,40.0,-100.0,2018-12-31,2018-12-31,2018-12-31
1289,SHRP-P.V,"04/20/2020, 07:08:49",0.05,6380000.0,0.0,0.0,0,0,0,0.0,389.0,4.0,0.0,-79.0,2019-06-30,2019-06-30,2019-06-30
1290,SIC.V,"04/20/2020, 07:09:09",0.095,113990000.0,10830000.0,7930000.0,-2680000.0,0.0,0,0.0,2578.0,78.0,0.0,-3112.0,2019-06-30,2019-06-30,2019-06-30
1291,SIE.V,"04/20/2020, 07:09:30",0.05,62730000.0,3140000.0,2790000.0,0,0,0,0.0,468.0,916.0,0.0,-419.0,2019-12-31,2019-12-31,2019-12-31
1292,SIM.V,"04/20/2020, 07:09:50",0.17,124770000.0,21210000.0,23750000.0,-9700000.0,0.0,0.0,0.0,2420.0,8754.0,14221.0,-2996.0,2018-12-31,2018-12-31,2018-12-31
1293,SIR.V,"04/20/2020, 07:10:11",0.15,108950000.0,16340000.0,16920000.0,-1070000.0,0.0,0.0,0.0,373.0,177.0,0.0,-716.0,2019-02-28,2019-02-28,2019-02-28
1294,SJR-A.V,"04/20/2020, 07:10:31",23.69,22370000.0,11250000000.0,18020000000.0,2020000000.0,0.0,0.0,0.0,1446000.0,9361000.0,5340000.0,1568000.0,2019-08-31,2019-08-31,2019-08-31
1295,SKE.V,"04/20/2020, 07:10:52",0.95,164600000.0,156370000.0,107100000.0,-14590000.0,0.0,0.0,0.0,1092.0,5988.0,0.0,-15114.0,2018-12-31,2018-12-31,2018-12-31
1296,SKP.V,"04/20/2020, 07:11:13",0.03,110560000.0,3320000.0,2100000.0,-4470000.0,0.0,0,0.0,533.0,275.0,0.0,-6123.0,2018-12-31,2018-12-31,2018-12-31
1297,SKRR.V,"04/20/2020, 07:11:35",0.3,17970000.0,5390000.0,3960000.0,0,0,0,0.0,194.0,995.0,0.0,-114.0,2019-04-30,2019-04-30,2019-04-30
1298,SKYG.V,"04/20/2020, 07:11:56",0.075,22500000.0,1690000.0,1690000.0,0.0,0.0,0,0.0,595.0,168.0,0.0,-861.0,2019-06-30,2019-06-30,2019-06-30
1299,SLL.V,"04/20/2020, 07:12:16",0.62,88590000.0,54930000.0,56950000.0,0,0,0.0,0.0,6849.0,6014.0,0.0,-4268.0,2019-06-30,2019-06-30,2019-06-30
1300,SMD.V,"04/20/2020, 07:12:36",0.4,96570000.0,38630000.0,43950000.0,-1950000.0,0.0,0.0,0.0,19222.0,4515.0,0.0,-2083.0,2019-12-31,2019-12-31,2019-12-31
1301,SME.V,"04/20/2020, 07:12:56",0.19,216340000.0,41100000.0,34550000.0,-2940000.0,0.0,0,0.0,5779.0,5929.0,445.0,-1715.0,2018-12-31,2018-12-31,2018-12-31
1302,SML.V,"04/20/2020, 07:13:16",0.045,23260000.0,1050000.0,2350000.0,0.0,0.0,0.0,0.0,45.0,4418.0,3700.0,-93.0,2019-08-31,2019-08-31,2019-08-31
1303,SMM.V,"04/20/2020, 07:13:37",0.01,48250000.0,0.0,0.0,0.0,0.0,0,0.0,30.0,430.0,0.0,-51.0,2018-12-31,2018-12-31,2018-12-31
1304,SMN.V,"04/20/2020, 07:13:57",0.165,32439999.999999996,5350000.0,4990000.0,0.0,0.0,0,0.0,412.0,28.0,0.0,-779.0,2019-11-30,2019-11-30,2019-11-30
1305,SMO.V,"04/20/2020, 07:14:18",0.125,39790000.0,4970000.0,4990000.0,0,0,0,0.0,732.0,1034.0,0.0,-1687.0,2018-12-31,2018-12-31,2018-12-31
1306,SMP.V,"04/20/2020, 07:14:38",0.5,42580000.0,21290000.0,20780000.0,0,0,0,0.0,390.0,249.0,0.0,-124.0,2019-10-31,2019-10-31,2019-10-31
1307,SMR.V,"04/20/2020, 07:14:58",0.025,37940000.0,0.0,0.0,0,0,0.0,0.0,203.0,613.0,0.0,-588.0,2019-06-30,2019-06-30,2019-06-30
1308,SMS.V,"04/20/2020, 07:15:18",0.035,15780000.0,0.0,1900000.0,0.0,0.0,0.0,0.0,276.0,3556.0,15931.0,661.0,2019-08-31,2019-08-31,2019-08-31
1309,SMY.V,"04/20/2020, 07:15:38",0.04,230730000.0,9230000.0,10010000.0,0.0,0.0,0.0,0.0,228.0,2476.0,0.0,-614.0,2019-11-30,2019-11-30,2019-11-30
1310,SNF.V,"04/20/2020, 07:15:58",0.085,40520000.0,3440000.0,0.0,0,0,0,0.0,3535.0,1004.0,14515.0,546.0,2018-12-31,2018-12-31,2018-12-31
1311,SNG.V,"04/20/2020, 07:16:20",0.09,74750000.0,6730000.0,6460000.0,0.0,0.0,0.0,0.0,338.0,154.0,0.0,-343.0,2019-12-31,2019-12-31,2019-12-31
1312,SNM.V,"04/20/2020, 07:16:41",0.04,2160000000.0,86430000.0,263260000.0,36290000.0,0.0,0.0,0.0,15530.0,226879.0,70291.0,14629.0,2019-12-31,2019-12-31,2019-12-31
1313,SNS.V,"04/20/2020, 07:17:02",0.015,88560000.0,1330000.0,4080000.0,-4019999.9999999995,0.0,0.0,0.0,4848.0,5258.0,20066.0,4702.0,2018-12-31,2018-12-31,2018-12-31
1314,SNV.V,"04/20/2020, 07:17:22",0.045,97000000.0,4370000.0,3910000.0,0,0,0,0.0,26.0,1905.0,0.0,-1700.0,2018-12-31,2018-12-31,2018-12-31
1315,SOC.V,"04/20/2020, 07:17:42",0.035,70930000.0,2480000.0,2430000.0,0,0,0,0.0,166.0,5.0,0.0,-199.0,2019-01-31,2019-01-31,2019-01-31
1316,SOCK.V,"04/20/2020, 07:18:02",0.065,45470000.0,2960000.0,2740000.0,0.0,0.0,0,0.0,197.0,79.0,0.0,-255.0,2019-12-31,2019-12-31,2019-12-31
1317,SOI.V,"04/20/2020, 07:18:23",0.115,171720000.0,19750000.0,14690000.0,-1060000.0,0.0,0,0.0,352.0,1386.0,0.0,-1064.0,2019-06-30,2019-06-30,2019-06-30
1318,SOIL.V,"04/20/2020, 07:18:43",0.11,234570000.0,25800000.0,45790000.0,8420000.0,0.0,0.0,0.0,172.0,21847.0,4523.0,-142.0,2018-12-31,2018-12-31,2018-12-31
1319,SOLR.V,"04/20/2020, 07:19:04",0.025,217370000.0,5430000.0,6140000.0,-2720000.0,0.0,0,0.0,77.0,8285.0,1983.0,-1747.0,2018-12-31,2018-12-31,2018-12-31
1320,SOO-P.V,"04/20/2020, 07:19:26",0.12,0,0.0,0.0,0,0,0,0,114.0,21.0,0.0,-46.0,2019-08-31,2019-08-31,2019-08-31
1321,SOU.V,"04/20/2020, 07:19:47",0.015,223770000.0,3360000.0,29050000.0,0.0,0.0,0.0,0.0,2334.0,36018.0,1646.0,-1591.0,2018-12-31,2018-12-31,2018-12-31
1322,SPA.V,"04/20/2020, 07:20:07",0.085,238630000.0,20280000.0,19610000.0,0.0,0.0,0.0,0.0,1538.0,1376.0,0.0,-639.0,2018-12-31,2018-12-31,2018-12-31
1323,SPD.V,"04/20/2020, 07:20:28",0.08,28610000.0,2290000.0,2020000.0,0.0,0.0,0,0.0,268.0,291.0,0.0,-187.0,2019-12-31,2019-12-31,2019-12-31
1324,SPDR.V,"04/20/2020, 07:20:49",0.02,43220000.0,0.0,1540000.0,-1030000.0,0.0,0.0,0.0,29.0,12.0,0.0,-35.0,2018-12-31,2018-12-31,2018-12-31
1325,SPI.V,"04/20/2020, 07:21:11",0.025,196180000.0,4900000.0,4019999.9999999995,-1590000.0,0.0,0.0,0.0,1945.0,2452.0,114.0,-903.0,2018-12-31,2018-12-31,2018-12-31
1326,SPN.V,"04/20/2020, 07:21:31",0.01,226160000.0,2260000.0,1300000.0,-2140000.0,0.0,0.0,0.0,1594.0,3500.0,12151.0,314.0,2018-12-31,2018-12-31,2018-12-31
1327,SPOT.V,"04/20/2020, 07:21:54",0.165,94720000.0,15630000.0,7580000.0,-1300000.0,0.0,0.0,0.0,640.0,32.0,0.0,-83.0,2018-05-31,2018-05-31,2018-05-31
1328,SPP.V,"04/20/2020, 07:22:14",0.045,134560000.0,6060000.0,8020000.0,0.0,0.0,0,0.0,4.0,3832.0,8497.0,-664.0,2018-12-31,2018-12-31,2018-12-31
1329,SPS-A.V,"04/20/2020, 07:22:35",4.47,8550000.0,38210000.0,81060000.0,12040000.0,0.0,0.0,0.0,558.0,39639.0,122593.0,9975.0,2019-08-31,2019-08-31,2019-08-31
1330,SPX.V,"04/20/2020, 07:22:56",0.02,67280000.0,1350000.0,1070000.0,-1650000.0,0.0,0,0.0,364.0,2446.0,0.0,-273.0,2019-07-31,2019-07-31,2019-07-31
1331,SQD.V,"04/20/2020, 07:23:16",0.1,276790000.0,27680000.0,31060000.0,-7100000.0,0.0,0,0.0,3444.0,4743.0,1891.0,-5634.0,2019-09-30,2019-09-30,2019-09-30
1332,SQG.V,"04/20/2020, 07:23:37",0.01,148900000.0,1490000.0,2029999.9999999998,0,0,0.0,0.0,101.0,638.0,-9992.0,-166.0,2018-12-31,2018-12-31,2018-12-31
1333,SR.V,"04/20/2020, 07:23:58",0.21,31150000.0,6540000.0,5330000.0,0,0,0,0.0,1209.0,55.0,0.0,-1719.0,2019-12-31,2019-12-31,2019-12-31
1334,SRA.V,"04/20/2020, 07:24:18",0.01,72460000.0,0.0,0.0,0,0,0.0,0.0,0.0,637.0,0.0,72.0,2019-09-30,2019-09-30,2019-09-30
1335,SRC.V,"04/20/2020, 07:24:37",0.04,42190000.0,1690000.0,1310000.0,0,0,0,0.0,7.0,323.0,0.0,-955.0,2018-12-31,2018-12-31,2018-12-31
1336,SRE.V,"04/20/2020, 07:24:57",0.025,63420000.0,1590000.0,1570000.0,0,0,0,0.0,553.0,356.0,0.0,-736.0,2019-04-30,2019-04-30,2019-04-30
1337,SRES.V,"04/20/2020, 07:25:18",0.11,203340000.0,22370000.0,0.0,0,0,0,0.0,4239.0,810.0,0.0,0.0,2019-12-31,ttm,ttm
1338,SRG.V,"04/20/2020, 07:25:39",0.4,81860000.0,32740000.000000004,28740000.0,-11030000.0,0.0,0,0.0,4524.0,1802.0,0.0,-8339.0,2018-12-31,2018-12-31,2018-12-31
1339,SRI.V,"04/20/2020, 07:25:59",0.025,127420000.0,3190000.0,3800000.0,0.0,0.0,0.0,0.0,32.0,504.0,75.0,-459.0,2018-12-31,2018-12-31,2018-12-31
1340,SRL.V,"04/20/2020, 07:26:19",0.2,126480000.0,25300000.0,21020000.0,-1750000.0,0.0,0,0.0,5640.0,1716.0,0.0,-917.0,2018-12-31,2018-12-31,2018-12-31
1341,SS-H.V,"04/20/2020, 07:26:39",0.5,9850000.0,4920000.0,7730000.0,0.0,0.0,0,0.0,376.0,2940.0,86.0,7.0,2019-06-30,2019-06-30,2019-06-30
1342,SSA.V,"04/20/2020, 07:26:59",0.035,77110000.0,2700000.0,2450000.0,0.0,0.0,0,0.0,297.0,1098.0,2046.0,493.0,2018-12-31,2018-12-31,2018-12-31
1343,SSE.V,"04/20/2020, 07:27:20",0.03,96350000.0,2890000.0,2770000.0,0,0,0,0.0,156.0,669.0,0.0,-868.0,2019-10-31,2019-10-31,2019-10-31
1344,SSH-P.V,"04/20/2020, 07:27:40",0.105,5200000.0,0.0,0.0,0,0,0,0.0,230.0,1.0,0.0,-46.0,2019-11-30,2019-11-30,2019-11-30
1345,SSV.V,"04/20/2020, 07:28:00",0.135,132250000.0,17850000.0,13960000.0,0,0,0,0.0,376.0,310.0,0.0,-921.0,2019-04-30,2019-04-30,2019-04-30
1346,STA.V,"04/20/2020, 07:28:20",0.01,212120000.0,2120000.0,2069999.9999999998,-1340000.0,0.0,0,0.0,1101.0,495.0,0.0,-215.0,2019-03-31,2019-03-31,2019-03-31
1347,STAR.V,"04/20/2020, 07:28:42",0.02,142460000.0,2850000.0,3270000.0,0.0,0.0,0.0,0.0,206.0,1294.0,2.0,-887.0,2018-12-31,2018-12-31,2018-12-31
1348,STC.V,"04/20/2020, 07:29:02",1.69,73580000.0,124350000.0,170240000.0,12650000.0,0.0,0.0,0.0,11725.0,54585.0,109648.0,11459.0,2019-06-30,2019-06-30,2019-06-30
1349,STE.V,"04/20/2020, 07:29:23",0.38,21200000.0,8060000.000000001,8050000.000000001,0,0,0,0.0,5.0,137.0,0.0,0.0,2019-07-31,2019-07-31,2019-07-31
1350,STH.V,"04/20/2020, 07:29:43",0.05,37320000.0,1870000.0,1630000.0,0.0,0.0,0,0.0,98.0,101.0,0.0,275.0,2019-07-31,2019-07-31,2019-07-31
1351,STMP.V,"04/20/2020, 07:30:05",0.015,34600000.0,0.0,0.0,0,0,0,0.0,0.0,766.0,0.0,-18.0,2019-06-30,2019-06-30,2019-06-30
1352,STR-H.V,"04/20/2020, 07:30:26",0.05,6990000.0,0.0,0.0,0,0,0,0.0,3.0,238.0,0.0,-50.0,2018-12-31,2018-12-31,2018-12-31
1353,STS.V,"04/20/2020, 07:30:46",0.035,42910000.0,1500000.0,1050000.0,-2340000.0,0.0,0,0.0,1276.0,61.0,0.0,-1987.0,2018-12-31,2018-12-31,2018-12-31
1354,STU.V,"04/20/2020, 07:31:07",0.215,15090000.0,3240000.0,2480000.0,0.0,0.0,0.0,0.0,14.0,221.0,0.0,-150.0,2019-02-28,2019-02-28,2019-02-28
1355,SUGR.V,"04/20/2020, 07:31:29",0.055,393670000.0,21650000.0,22140000.0,-5310000.0,0.0,0.0,0.0,3922.0,2154.0,0.0,-2809.0,2018-12-31,2018-12-31,2018-12-31
1356,SUGR-WT.V,"04/20/2020, 07:31:53",0,0,0,0,0,0,0,0,0.0,0.0,0.0,0.0,Null,Null,Null
1357,SUI-H.V,"04/20/2020, 07:32:13",0.16,52940000.0,8470000.0,8430000.0,0,0,0,0.0,10.0,315.0,0.0,-284.0,2019-07-31,2019-07-31,2019-07-31
1358,SUNM.V,"04/20/2020, 07:32:34",0.08,148000000.0,11840000.0,7040000.0,-9290000.0,0.0,0,0.0,4797.0,2598.0,0.0,-10142.0,2019-12-31,2019-12-31,2019-12-31
1359,SUP.V,"04/20/2020, 07:32:55",0.235,58150000.0,13670000.0,12130000.0,0,0,0,0.0,431.0,138.0,0.0,-842.0,2019-12-31,2019-12-31,2019-12-31
1360,SUR.V,"04/20/2020, 07:33:15",0.01,95960000.0,0.0,0.0,-1050000.0,0.0,0,0.0,282.0,115.0,0.0,-1510.0,2018-12-31,2018-12-31,2018-12-31
1361,SURG.V,"04/20/2020, 07:33:35",0.11,59460000.0,6540000.0,6620000.0,0.0,0.0,0.0,0.0,8.0,342.0,0.0,-440.0,2019-03-31,2019-03-31,2019-03-31
1362,SVA.V,"04/20/2020, 07:33:56",0.135,195940000.0,26450000.0,23560000.0,-4600000.0,0.0,0.0,0.0,3804.0,686.0,0.0,-4192.0,2019-10-31,2019-10-31,2019-10-31
1363,SVE.V,"04/20/2020, 07:34:16",0.315,170090000.0,53580000.0,51720000.0,-1150000.0,0.0,0.0,0.0,3045.0,958.0,0.0,-871.0,2019-12-31,2019-12-31,2019-12-31
1364,SVG.V,"04/20/2020, 07:34:37",0.065,28370000.0,1840000.0,1740000.0,0.0,0.0,0,0.0,139.0,136.0,0.0,-48.0,2019-03-31,2019-03-31,2019-03-31
1365,SVI.V,"04/20/2020, 07:34:57",3.19,362640000.0,1160000000.0,2210000000.0,74380000.0,0.0,0.0,0.0,24460.0,1162118.0,134963.0,39651.0,2019-12-31,2019-12-31,2019-12-31
1366,SVS.V,"04/20/2020, 07:35:17",0.07,39300000.0,2750000.0,3680000.0,-1380000.0,0.0,0,0.0,1156.0,4828.0,0.0,-1242.0,2019-07-31,2019-07-31,2019-07-31
1367,SWA.V,"04/20/2020, 07:35:37",0.055,250660000.0,13790000.0,10670000.0,-3110000.0,0.0,0,0.0,627.0,279.0,0.0,-2975.0,2018-12-31,2018-12-31,2018-12-31
1368,SXE.V,"04/20/2020, 07:35:57",0.035,107540000.0,3760000.0,3390000.0,0.0,0.0,0.0,0.0,267.0,1009.0,33.0,-617.0,2019-06-30,2019-06-30,2019-06-30
1369,SXL.V,"04/20/2020, 07:36:18",0.015,40680000.0,0.0,0.0,0.0,0.0,0,0.0,266.0,267.0,0.0,-115.0,2019-01-31,2019-01-31,2019-01-31
1370,SYH.V,"04/20/2020, 07:36:38",0.175,75360000.0,13190000.0,11580000.0,0.0,0.0,0,0.0,1352.0,313.0,0.0,-1362.0,2019-03-31,2019-03-31,2019-03-31
1371,SYZ.V,"04/20/2020, 07:36:58",8.55,23800000.0,203490000.0,163780000.0,15370000.0,0.0,0.0,0.0,53096.0,19691.0,0.0,16993.0,2019-09-30,2019-09-30,2019-09-30
1372,SZM.V,"04/20/2020, 07:37:22",0.4,10100000.0,4099999.9999999995,3080000.0,-1220000.0,0.0,0.0,0.0,279.0,3329.0,0.0,-914.0,2018-12-31,2018-12-31,2018-12-31
1373,TAJ.V,"04/20/2020, 07:37:42",0.065,86720000.0,5640000.0,5310000.0,0,0,0,0.0,74.0,218.0,0.0,-779.0,2019-04-30,2019-04-30,2019-04-30
1374,TAL.V,"04/20/2020, 07:38:04",0.225,672200000.0,151240000.0,131320000.0,8189999.999999999,0.0,0.0,0.0,26259.0,18570.0,9994.0,30.0,2018-12-31,2018-12-31,2018-12-31
1375,TBIX.V,"04/20/2020, 07:38:24",0.4,25360000.0,10140000.0,9760000.0,-3100000.0,0.0,0.0,0.0,1618.0,750.0,1641.0,-2367.0,2019-09-30,2019-09-30,2019-09-30
1376,TBP.V,"04/20/2020, 07:38:45",0.29,246470000.0,71480000.0,59690000.0,-14220000.0,0.0,0,0.0,2038.0,3916.0,0.0,-17343.0,2019-11-30,2019-11-30,2019-11-30
1377,TBP-WT.V,"04/20/2020, 07:39:06",0,0,0,0,0,0,0,0,0.0,0.0,0.0,0.0,Null,Null,Null
1378,TBP-WT-A.V,"04/20/2020, 07:39:26",0,0,0,0,0,0,0,0,0.0,0.0,0.0,0.0,Null,Null,Null
1379,TBP-WT-B.V,"04/20/2020, 07:39:47",0,0,0,0,0,0,0,0,0.0,0.0,0.0,0.0,Null,Null,Null
1380,TBR.V,"04/20/2020, 07:40:08",0.065,74900000.0,5380000.0,5320000.0,-1410000.0,0.0,0.0,0.0,30.0,1123.0,0.0,-1449.0,2019-09-30,2019-09-30,2019-09-30
1381,TBRD.V,"04/20/2020, 07:40:31",1.03,46670000.0,48070000.0,115180000.0,13670000.0,0.0,0.0,0.0,13430.0,83182.0,61478.0,-8574.0,2019-06-30,2019-06-30,2019-06-30
1382,TBX.V,"04/20/2020, 07:40:51",0.54,62910000.0,33970000.0,17680000.0,0,0,0,0.0,0.0,0.0,0.0,0.0,Null,ttm,ttm
1383,TCA.V,"04/20/2020, 07:41:11",0.15,39770000.0,5970000.0,22480000.0,0,0,0.0,0.0,4662.0,12809.0,3288.0,-333.0,2019-11-30,2019-11-30,2019-11-30
1384,TCAP-P.V,"04/20/2020, 07:41:31",0.06,10050000.0,0.0,0.0,0,0,0,0.0,591.0,15.0,0.0,-106.0,2019-07-31,2019-07-31,2019-07-31
1385,TCI.V,"04/20/2020, 07:41:51",0.015,106720000.0,1600000.0,0.0,0.0,0.0,0,0.0,2768.0,115.0,593.0,-641.0,2019-03-31,2019-03-31,2019-03-31
1386,TECT.V,"04/20/2020, 07:42:12",0.17,55200000.0,9380000.0,7600000.0,-5550000.0,0.0,0.0,0.0,1791.0,531.0,0.0,-5059.0,2019-12-31,2019-12-31,2019-12-31
1387,TELO.V,"04/20/2020, 07:42:34",0.17,41210000.0,7010000.0,5530000.0,0.0,0.0,0,0.0,19.0,1308.0,0.0,-327.0,2019-06-30,2019-06-30,2019-06-30
1388,TEM.V,"04/20/2020, 07:42:55",0.035,177770000.0,6220000.0,6300000.0,-1060000.0,0.0,0.0,0.0,3.0,2622.0,0.0,-98.0,2018-12-31,2018-12-31,2018-12-31
1389,TES.V,"04/20/2020, 07:43:15",0.035,72290000.0,2530000.0,2410000.0,0,0,0,0.0,194.0,76.0,0.0,-395.0,2019-10-31,2019-10-31,2019-10-31
1390,TEST.V,"04/20/2020, 07:43:35",0.175,54270000.0,9500000.0,6920000.0,-4210000.0,0.0,0,0.0,2580.0,564.0,250.0,-3663.0,2019-12-31,2019-12-31,2019-12-31
1391,TETH.V,"04/20/2020, 07:43:56",0.11,80430000.0,8850000.0,7580000.0,-6160000.0,0.0,0.0,0.0,129.0,1687.0,0.0,-3147.0,2018-12-31,2018-12-31,2018-12-31
1392,TG.V,"04/20/2020, 07:44:17",0.03,37320000.0,1120000.0,1030000.0,0.0,0.0,0,0.0,92.0,26.0,0.0,-256.0,2019-12-31,2019-12-31,2019-12-31
1393,TGH.V,"04/20/2020, 07:44:38",0.125,126770000.0,15850000.0,16660000.0,2360000.0,0.0,0.0,0.0,2228.0,8140.0,38850.0,64.0,2018-12-31,2018-12-31,2018-12-31
1394,TGR.V,"04/20/2020, 07:44:58",0.195,10330000.0,2020000.0,2020000.0,0,0,0,0.0,3.0,587.0,0.0,-17.0,2019-04-30,2019-04-30,2019-04-30
1395,TGX.V,"04/20/2020, 07:45:18",0.045,13580000.0,0.0,3970000.0,0,0,0,0.0,563.0,6378.0,0.0,304.0,2018-12-31,2018-12-31,2018-12-31
1396,THM.V,"04/20/2020, 07:45:38",0.07,60150000.0,7480000.0,4250000.0,0.0,0.0,0.0,0.0,252.0,1695.0,1954.0,-316.0,2019-12-31,2019-12-31,2019-12-31
1397,THRM.V,"04/20/2020, 07:45:59",0.01,163760000.0,1640000.0,1790000.0,0.0,0.0,0,0.0,30.0,369.0,6.0,-189.0,2019-07-31,2019-07-31,2019-07-31
1398,THX.V,"04/20/2020, 07:46:19",0.18,449350000.0,80880000.0,66330000.0,-2210000.0,0.0,0,0.0,304.0,2401.0,0.0,-1621.0,2018-12-31,2018-12-31,2018-12-31
1399,TIC.V,"04/20/2020, 07:46:39",0.32,88400000.0,28290000.0,22780000.0,0.0,0.0,0,0.0,841.0,1785.0,0.0,-5398.0,2018-12-31,2018-12-31,2018-12-31
1400,TIG.V,"04/20/2020, 07:47:00",0.18,98350000.0,17700000.0,15780000.0,-5550000.0,0.0,0.0,0.0,225.0,220.0,0.0,-8392.0,2018-12-31,2018-12-31,2018-12-31
1401,TII.V,"04/20/2020, 07:47:20",4.5,5560000.0,25040000.0,123180000.0,0,0,0.0,0.0,0.0,108596.0,7708.0,501.0,2019-12-31,2019-12-31,2019-12-31
1402,TIL.V,"04/20/2020, 07:47:40",1.85,3190000.0,5900000.0,-5030000.0,3230000.0,0.0,0,0.0,0.0,44606.0,-222.0,-970.0,2018-12-31,2018-12-31,2018-12-31
1403,TIN-H.V,"04/20/2020, 07:48:01",0.01,106740000.0,1070000.0,1060000.0,0,0,0,0.0,193.0,2235.0,0.0,-56.0,2019-03-31,2019-03-31,2019-03-31
1404,TIP-H.V,"04/20/2020, 07:48:22",0.1,4050000.0,0.0,0.0,0,0,0,0.0,379.0,201.0,0.0,-67.0,2019-03-31,2019-03-31,2019-03-31
1405,TK.V,"04/20/2020, 07:48:42",0.125,340740000.0,42590000.0,37450000.0,-1980000.0,0.0,0,0.0,6861.0,1042.0,0.0,-1752.0,2019-09-30,2019-09-30,2019-09-30
1406,TKU.V,"04/20/2020, 07:49:03",0.065,11720000.0,0.0,0.0,0.0,0.0,0,0.0,62.0,247.0,0.0,-309.0,2019-09-30,2019-09-30,2019-09-30
1407,TKX.V,"04/20/2020, 07:49:29",0.045,74870000.0,3370000.0,6080000.0,-2100000.0,0.0,0,0.0,71.0,6390.0,6288.0,-1893.0,2019-09-30,2019-09-30,2019-09-30
1408,TLA.V,"04/20/2020, 07:49:49",0.33,28540000.0,9420000.0,0.0,0.0,0.0,0.0,0.0,9598.0,594.0,5571.0,-97.0,2019-08-31,2019-08-31,2019-08-31
1409,TLK.V,"04/20/2020, 07:50:09",0.47,31880000.0,14990000.0,12430000.0,-4580000.0,0.0,0,0.0,3542.0,21838.0,23677.0,-3202.0,2018-12-31,2018-12-31,2018-12-31
1410,TLL-H.V,"04/20/2020, 07:50:29",0.06,3120000.0,0.0,0.0,0,0,0,0.0,2.0,316.0,0.0,-21.0,2019-09-30,2019-09-30,2019-09-30
1411,TLT.V,"04/20/2020, 07:50:49",0.19,204280000.0,38810000.0,23990000.0,-4930000.0,0.0,0.0,0.0,1034.0,2566.0,1734.0,-1216.0,2018-12-31,2018-12-31,2018-12-31
1412,TLT-WT.V,"04/20/2020, 07:51:11",0.095,0,0,0.0,0,0,0,0,0.0,0.0,0.0,0.0,Null,ttm,ttm
1413,TM.V,"04/20/2020, 07:51:32",0.08,90470000.0,7240000.0,7560000.0,-2760000.0,0.0,0,0.0,565.0,1814.0,0.0,-2722.0,2019-03-31,2019-03-31,2019-03-31
1414,TMG.V,"04/20/2020, 07:51:55",0.08,161890000.0,12950000.0,11130000.0,1080000.0,0.0,0.0,0.0,4177.0,9151.0,21083.0,570.0,2019-05-31,2019-05-31,2019-05-31
1415,TMS-H.V,"04/20/2020, 07:52:21",0.015,128020000.00000001,1920000.0,1740000.0,0,0,0,0.0,1.0,660.0,0.0,-467.0,2018-12-31,2018-12-31,2018-12-31
1416,TNA.V,"04/20/2020, 07:52:43",0.26,123810000.0,32189999.999999996,21330000.0,7440000.0,0.0,0.0,0.0,12150.0,11406.0,39406.0,6163.0,2018-12-31,2018-12-31,2018-12-31
1417,TNO-H.V,"04/20/2020, 07:53:05",0.03,34240000.0,1030000.0,1010000.0,0,0,0,0.0,17.0,147.0,0.0,-402.0,2019-03-31,2019-03-31,2019-03-31
1418,TNR.V,"04/20/2020, 07:53:29",0.03,157020000.0,4710000.0,9130000.0,0,0,0,0.0,106.0,5872.0,0.0,-518.0,2018-12-31,2018-12-31,2018-12-31
1419,TOE.V,"04/20/2020, 07:53:52",0.015,127300000.0,1910000.0,1890000.0,0.0,0.0,0.0,0.0,6.0,340.0,0.0,-268.0,2019-06-30,2019-06-30,2019-06-30
1420,TOM.V,"04/20/2020, 07:54:18",0.02,15780000.0,0.0,1100000.0,0,0,0,0.0,5.0,4845.0,0.0,4.0,2019-07-31,2019-07-31,2019-07-31
1421,TORQ.V,"04/20/2020, 07:54:38",0.42,77320000.0,32479999.999999996,21250000.0,-1060000.0,0.0,0,0.0,12438.0,297.0,0.0,-3155.0,2018-12-31,2018-12-31,2018-12-31
1422,TORR.V,"04/20/2020, 07:54:59",0.4,23980000.0,9590000.0,9360000.0,0,0,0,0.0,14679.0,245.0,4677.0,-257.0,2019-12-31,2019-12-31,2019-12-31
1423,TPC.V,"04/20/2020, 07:55:18",0.02,10510000.0,0.0,1500000.0,0.0,0.0,0,0.0,23.0,1942.0,834.0,-25.0,2018-12-31,2018-12-31,2018-12-31
1424,TPL-H.V,"04/20/2020, 07:55:39",0.35,86960000.0,30430000.0,60000000.0,10060000.0,0.0,0.0,0.0,3460.0,52475.0,10339.0,979.0,2018-12-31,2018-12-31,2018-12-31
1425,TR.V,"04/20/2020, 07:56:01",0.03,26610000.0,0.0,0.0,0,0,0,0.0,70.0,69.0,0.0,-359.0,2019-12-31,2019-12-31,2019-12-31
1426,TRA.V,"04/20/2020, 07:56:21",0.05,206440000.0,10320000.0,10140000.0,0.0,0.0,0.0,0.0,204.0,285.0,0.0,-517.0,2019-05-31,2019-05-31,2019-05-31
1427,TRAD.V,"04/20/2020, 07:56:43",0.025,107750000.0,2690000.0,1250000.0,-2730000.0,0.0,0,0.0,181.0,964.0,0.0,-58.0,2019-03-31,2019-03-31,2019-03-31
1428,TRC.V,"04/20/2020, 07:57:03",0.08,10920000.0,0.0,1100000.0,0,0,0,0.0,2.0,253.0,0.0,-91.0,2019-12-31,2019-12-31,2019-12-31
1429,TRCE.V,"04/20/2020, 07:57:24",0.13,167340000.0,21750000.0,20290000.0,0,0,0.0,0.0,832.0,23.0,0.0,-85.0,2018-12-31,2018-12-31,2018-12-31
1430,TRO.V,"04/20/2020, 07:57:44",0.08,71070000.0,5690000.0,5470000.0,0,0,0.0,0.0,254.0,948.0,0.0,-69.0,2018-12-31,2018-12-31,2018-12-31
1431,TRS.V,"04/20/2020, 07:58:06",0.075,14000000.0,1050000.0,0.0,0,0,0.0,0.0,74.0,751.0,0.0,-119.0,2019-02-28,2019-02-28,2019-02-28
1432,TRU-H.V,"04/20/2020, 07:58:25",0.065,11270000.0,0.0,0.0,0,0,0,0.0,1523.0,125.0,13.0,0.0,2018-12-31,2018-12-31,2018-12-31
1433,TSD.V,"04/20/2020, 07:58:46",0.07,45350000.0,3170000.0,3940000.0,0.0,0.0,0.0,0.0,7.0,946.0,0.0,-28.0,2018-12-31,2018-12-31,2018-12-31
1434,TSG.V,"04/20/2020, 07:59:07",0.305,189950000.0,57940000.0,50450000.0,-1350000.0,0.0,0,0.0,734.0,814.0,0.0,-1552.0,2018-12-31,2018-12-31,2018-12-31
1435,TSI.V,"04/20/2020, 07:59:28",0.11,12020000.0,1320000.0,0.0,0,0,0,0.0,965.0,46.0,0.0,-265.0,2019-10-31,2019-10-31,2019-10-31
1436,TSN.V,"04/20/2020, 07:59:48",0.1,159040000.0,15900000.0,35460000.0,-1180000.0,0.0,0,0.0,5412.0,62892.0,32436.0,2077.0,2018-12-31,2018-12-31,2018-12-31
1437,TTD.V,"04/20/2020, 08:00:09",0.19,49240000.0,9360000.0,9380000.0,0.0,0.0,0,0.0,87.0,569.0,552.0,-119.0,2018-12-31,2018-12-31,2018-12-31
1438,TTO-H.V,"04/20/2020, 08:00:29",0.05,5040000.0,0.0,0.0,0,0,0,0.0,18.0,53.0,0.0,-25.0,2019-11-30,2019-11-30,2019-11-30
1439,TTR.V,"04/20/2020, 08:00:53",1.3,36360000.0,47260000.0,119690000.0,13900000.0,0.0,0.0,0.0,442.0,94786.0,167029.0,18850.0,2019-12-31,2019-12-31,2019-12-31
1440,TTS.V,"04/20/2020, 08:01:14",0.035,25560000.0,0.0,12960000.0,0.0,0.0,0,0.0,25.0,12395.0,0.0,-232.0,2018-12-31,2018-12-31,2018-12-31
1441,TTZ.V,"04/20/2020, 08:01:35",0.1,24960000.0,2500000.0,1500000.0,0.0,0.0,0.0,0.0,1448.0,199.0,1438.0,404.0,2019-06-30,2019-06-30,2019-06-30
1442,TUD.V,"04/20/2020, 08:01:56",0.59,143230000.0,84500000.0,78920000.0,-3390000.0,0.0,0.0,0.0,390.0,2331.0,0.0,-1513.0,2019-03-31,2019-03-31,2019-03-31
1443,TUF.V,"04/20/2020, 08:02:16",0.015,80370000.0,1210000.0,0.0,0,0,0,0.0,1133.0,486.0,0.0,-1077.0,2018-12-31,2018-12-31,2018-12-31
1444,TUO.V,"04/20/2020, 08:02:37",0.52,43270000.0,22500000.0,19460000.0,0.0,0.0,0,0.0,857.0,59.0,0.0,-368.0,2018-12-31,2018-12-31,2018-12-31
1445,TVI.V,"04/20/2020, 08:02:59",0.01,655540000.0,6560000.0,6180000.0,-1480000.0,0.0,0,0.0,956.0,1858.0,0.0,-196.0,2018-12-31,2018-12-31,2018-12-31
1446,TW-P.V,"04/20/2020, 08:03:21",0.05,8000000.0,0.0,0.0,0,0,0,0.0,385.0,82.0,0.0,-21.0,2018-12-31,2018-12-31,2018-12-31
1447,TWR.V,"04/20/2020, 08:03:41",0.025,105070000.0,2630000.0,2230000.0,0.0,0.0,0,0.0,121.0,66.0,0.0,-285.0,2019-10-31,2019-10-31,2019-10-31
1448,TWY.V,"04/20/2020, 08:04:02",0.135,15190000.0,2049999.9999999998,2029999.9999999998,0.0,0.0,0,0.0,78.0,64.0,0.0,-64.0,2018-12-31,2018-12-31,2018-12-31
1449,TYMB.V,"04/20/2020, 08:04:22",0.02,33830000.0,0.0,3370000.0,0,0,0,0.0,7.0,2377.0,0.0,-269.0,2019-01-31,2019-01-31,2019-01-31
1450,TYP.V,"04/20/2020, 08:04:42",0.04,48690000.0,1950000.0,1540000.0,0.0,0.0,0.0,0.0,275.0,75.0,0.0,-391.0,2019-02-28,2019-02-28,2019-02-28
1451,TZR.V,"04/20/2020, 08:05:05",0.01,94560000.0,0.0,20130000.0,0.0,0.0,0,0.0,1766.0,18673.0,0.0,391.0,2019-01-31,2019-01-31,2019-01-31
1452,TZR-DB.V,"04/20/2020, 08:05:26",0,0,0,0,0,0,0,0,0.0,0.0,0.0,0.0,Null,Null,Null
1453,UCU.V,"04/20/2020, 08:05:46",0.12,365120000.0,43810000.0,47710000.0,-2780000.0,0.0,0.0,0.0,462.0,3641.0,0.0,-2817.0,2018-12-31,2018-12-31,2018-12-31
1454,UFC.V,"04/20/2020, 08:06:06",0.63,46850000.0,29520000.0,54500000.0,0,0,0.0,0.0,9435.0,34329.0,10459.0,4199.0,2018-12-31,2018-12-31,2018-12-31
1455,UGD.V,"04/20/2020, 08:06:27",0.18,78020000.0,14040000.0,11110000.0,0,0,0,0.0,571.0,156.0,0.0,-473.0,2018-12-31,2018-12-31,2018-12-31
1456,UGE.V,"04/20/2020, 08:06:47",0.305,23250000.0,7090000.0,9390000.0,-3590000.0,0.0,0,0.0,121.0,9867.0,17192.0,-2434.0,2018-12-31,2018-12-31,2018-12-31
1457,UGM.V,"04/20/2020, 08:07:11",0.09,45070000.0,4059999.9999999995,3040000.0,0,0,0,0.0,1382.0,542.0,0.0,-1384.0,2019-05-31,2019-05-31,2019-05-31
1458,UHO.V,"04/20/2020, 08:07:31",0.06,17480000.0,1050000.0,1050000.0,0,0,0,0.0,119.0,187.0,0.0,-504.0,2018-12-31,2018-12-31,2018-12-31
1459,UI.V,"04/20/2020, 08:07:52",0.045,80200000.0,3610000.0,7070000.0,0.0,0.0,0.0,0.0,628.0,5384.0,4454.0,464.0,2019-09-30,2019-09-30,2019-09-30
1460,ULT.V,"04/20/2020, 08:08:12",0.045,95830000.0,4310000.0,3710000.0,0.0,0.0,0.0,0.0,938.0,81.0,0.0,-595.0,2019-10-31,2019-10-31,2019-10-31
1461,UNO-H.V,"04/20/2020, 08:08:34",0.01,162360000.0,1620000.0,1620000.0,0,0,0,0.0,13.0,639.0,0.0,-41.0,2018-12-31,2018-12-31,2018-12-31
1462,UNV.V,"04/20/2020, 08:08:56",0.09,12780000.0,1150000.0,1040000.0,0.0,0.0,0,0.0,275.0,253.0,0.0,-420.0,2018-12-31,2018-12-31,2018-12-31
1463,URC.V,"04/20/2020, 08:09:16",1.14,71840000.0,81890000.0,43100000.0,0,0,0,0.0,0.0,0.0,0.0,0.0,Null,ttm,ttm
1464,URC-WT.V,"04/20/2020, 08:09:38",0.28,0,0,0.0,0,0,0,0,0.0,0.0,0.0,0.0,Null,ttm,ttm
1465,USHA.V,"04/20/2020, 08:09:59",0.1,10230000.0,1020000.0,0.0,0,0,0,0.0,176.0,35.0,0.0,-39.0,2019-03-31,2019-03-31,2019-03-31
1466,USS.V,"04/20/2020, 08:10:20",0.06,59060000.0,3540000.0,5030000.0,-1410000.0,0.0,0,0.0,249.0,7088.0,12251.0,-1957.0,2019-05-31,2019-05-31,2019-05-31
1467,UVN.V,"04/20/2020, 08:10:40",0.02,47330000.0,0.0,0.0,0.0,0.0,0,0.0,55.0,24.0,0.0,-63.0,2019-12-31,2019-12-31,2019-12-31
1468,VAN.V,"04/20/2020, 08:11:02",0.03,0,1800000.0,0.0,0,0,0,0,41.0,429.0,0.0,-982.0,2018-12-31,2018-12-31,2018-12-31
1469,VAU.V,"04/20/2020, 08:11:22",0.26,27170000.0,7060000.0,7170000.0,0,0,0.0,0.0,35.0,614.0,0.0,-1968.0,2019-10-31,2019-10-31,2019-10-31
1470,VAX.V,"04/20/2020, 08:11:44",0.18,3810000.0,0.0,0.0,0,0,0,0.0,3.0,1181.0,0.0,-103.0,2019-10-31,2019-10-31,2019-10-31
1471,VCI.V,"04/20/2020, 08:12:06",2.57,6280000.0,16149999.999999998,14810000.0,2860000.0,0.0,0.0,0.0,874.0,1093.0,8505.0,1744.0,2019-09-30,2019-09-30,2019-09-30
1472,VCOM.V,"04/20/2020, 08:12:28",0.2,59060000.0,11810000.0,17850000.0,0.0,0.0,0.0,0.0,104.0,4129.0,157.0,-251.0,2018-12-31,2018-12-31,2018-12-31
1473,VDO-H.V,"04/20/2020, 08:12:48",0.07,6220000.0,0.0,0.0,0.0,0.0,0,0.0,4.0,281.0,0.0,-143.0,2018-12-31,2018-12-31,2018-12-31
1474,VEC.V,"04/20/2020, 08:13:08",0.03,42260000.0,1270000.0,1380000.0,0,0,0,0.0,176.0,785.0,0.0,-475.0,2019-07-31,2019-07-31,2019-07-31
1475,VEIN.V,"04/20/2020, 08:13:28",0.05,13210000.0,0.0,0.0,0,0,0,0.0,141.0,441.0,0.0,-1275.0,2019-04-30,2019-04-30,2019-04-30
1476,VENZ.V,"04/20/2020, 08:13:49",0.065,143800000.0,9350000.0,7150000.0,-3960000.0,0.0,0,0.0,1117.0,310.0,196.0,-4941.0,2018-12-31,2018-12-31,2018-12-31
1477,VERT.V,"04/20/2020, 08:14:09",0.025,64410000.0,1610000.0,1620000.0,0.0,0.0,0.0,0.0,414.0,631.0,0.0,-507.0,2019-02-28,2019-02-28,2019-02-28
1478,VG.V,"04/20/2020, 08:14:31",0.17,8600000.0,1460000.0,1080000.0,0.0,0.0,0,0.0,82.0,392.0,0.0,-1004.0,2018-12-31,2018-12-31,2018-12-31
1479,VGD.V,"04/20/2020, 08:14:52",0.055,22240000.0,1220000.0,1210000.0,0,0,0,0.0,60.0,439.0,0.0,-210.0,2019-07-31,2019-07-31,2019-07-31
1480,VGL.V,"04/20/2020, 08:15:12",0.25,18070000.0,4520000.0,2580000.0,0.0,0.0,0.0,0.0,2796.0,1379.0,6185.0,241.0,2019-03-31,2019-03-31,2019-03-31
1481,VGLD.V,"04/20/2020, 08:15:32",0.05,60070000.0,3000000.0,2970000.0,0.0,0.0,0.0,0.0,41.0,429.0,0.0,-982.0,2018-12-31,2018-12-31,2018-12-31
1482,VGN.V,"04/20/2020, 08:15:54",0.04,40120000.0,1600000.0,0.0,-1040000.0,0.0,0.0,0.0,2895.0,287.0,13.0,-342.0,2018-12-31,2018-12-31,2018-12-31
1483,VHI.V,"04/20/2020, 08:16:14",1.86,26520000.0,49340000.0,29330000.0,1390000.0,0.0,0.0,0.0,2806.0,9052.0,9114.0,-1956.0,2018-12-31,2018-12-31,2018-12-31
1484,VIO.V,"04/20/2020, 08:16:35",0.085,44260000.0,3760000.0,2620000.0,0.0,0.0,0,0.0,1638.0,219.0,0.0,-678.0,2019-06-30,2019-06-30,2019-06-30
1485,VIPR.V,"04/20/2020, 08:16:55",0.3,58810000.0,17640000.0,13700000.0,-2180000.0,0.0,0,0.0,1712.0,322.0,0.0,-2594.0,2018-12-31,2018-12-31,2018-12-31
1486,VIS.V,"04/20/2020, 08:17:17",0.08,52680000.0,4210000.0,3430000.0,0,0,0,0.0,0.0,998.0,113.0,-510.0,2019-09-30,2019-09-30,2019-09-30
1487,VIV.V,"04/20/2020, 08:17:40",0.6,41650000.0,24990000.0,27210000.0,-3910000.0,0.0,0,0.0,1086.0,5144.0,977.0,-3522.0,2019-10-31,2019-10-31,2019-10-31
1488,VLC.V,"04/20/2020, 08:18:04",0.36,117430000.0,42270000.0,35890000.0,-2150000.0,0.0,0.0,0.0,243.0,308.0,0.0,-1221.0,2018-12-31,2018-12-31,2018-12-31
1489,VLI.V,"04/20/2020, 08:18:27",0.03,91250000.0,2740000.0,2630000.0,0.0,0.0,0.0,0.0,381.0,446.0,0.0,-518.0,2019-08-31,2019-08-31,2019-08-31
1490,VLNS.V,"04/20/2020, 08:18:51",2.29,0,292460000.0,0.0,0,0,0,0,58701.0,22017.0,58106.0,-7639.0,2019-11-30,2019-11-30,2019-11-30
1491,VLNS-WT.V,"04/20/2020, 08:19:14",0.255,0,0,0.0,0,0,0,0,0.0,0.0,0.0,0.0,Null,ttm,ttm
1492,VLV.V,"04/20/2020, 08:19:38",0.03,4710000.0,0.0,0.0,0.0,0.0,0.0,0.0,11.0,173.0,0.0,-98.0,2019-03-31,2019-03-31,2019-03-31
1493,VM.V,"04/20/2020, 08:20:00",0.07,71420000.0,5000000.0,5060000.0,0.0,0.0,0.0,0.0,75.0,852.0,0.0,-637.0,2019-11-30,2019-11-30,2019-11-30
1494,VML.V,"04/20/2020, 08:20:21",0.31,53840000.0,16690000.000000002,16920000.0,0,0,0.0,0.0,24.0,877.0,0.0,-462.0,2019-08-31,2019-08-31,2019-08-31
1495,VMX.V,"04/20/2020, 08:20:41",0.25,91130000.0,22780000.0,20620000.0,0,0,0,0.0,4659.0,542.0,0.0,-564.0,2019-03-31,2019-03-31,2019-03-31
1496,VMY-H.V,"04/20/2020, 08:21:02",0.02,0,0.0,0.0,0,0,0,0,0.0,13186.0,96.0,0.0,2018-12-31,2018-12-31,2018-12-31
1497,VO.V,"04/20/2020, 08:21:23",0.24,85020000.0,20410000.0,20890000.0,-3880000.0,0.0,0,0.0,2546.0,2813.0,0.0,-2175.0,2019-09-30,2019-09-30,2019-09-30
1498,VOLT.V,"04/20/2020, 08:21:44",0.025,21000000.0,0.0,0.0,0.0,0.0,0.0,0.0,129.0,57.0,0.0,-142.0,2019-12-31,2019-12-31,2019-12-31
1499,VONE.V,"04/20/2020, 08:22:05",0.06,65129999.99999999,3910000.0,3510000.0,0.0,0.0,0,0.0,47.0,291.0,0.0,-298.0,2019-02-28,2019-02-28,2019-02-28
1500,VOTI.V,"04/20/2020, 08:22:25",0.76,26740000.0,20330000.0,26900000.0,-3980000.0,0.0,0.0,0.0,1990.0,11673.0,28427.0,-5254.0,2019-10-31,2019-10-31,2019-10-31
1501,VPI.V,"04/20/2020, 08:22:46",0.11,31810000.0,3500000.0,3140000.0,0.0,0.0,0,0.0,383.0,2212.0,528.0,-165.0,2019-01-31,2019-01-31,2019-01-31
1502,VQA.V,"04/20/2020, 08:23:05",0.06,9380000.0,0.0,0.0,0,0,0.0,0.0,6.0,791.0,0.0,-137.0,2018-12-31,2018-12-31,2018-12-31
1503,VQS.V,"04/20/2020, 08:23:26",3.74,17250000.0,64510000.00000001,53120000.0,-1260000.0,0.0,0.0,0.0,1708.0,18558.0,25096.0,-551.0,2019-12-31,2019-12-31,2019-12-31
1504,VRB.V,"04/20/2020, 08:23:46",0.045,288550000.0,12980000.0,12410000.0,-1090000.0,0.0,0,0.0,818.0,1286.0,0.0,-781.0,2019-10-31,2019-10-31,2019-10-31
1505,VRR.V,"04/20/2020, 08:24:06",0.275,60720000.0,16700000.0,14430000.0,0.0,0.0,0,0.0,1241.0,70.0,0.0,-750.0,2019-03-31,2019-03-31,2019-03-31
1506,VRY.V,"04/20/2020, 08:24:27",0.39,6830000.0,3590000.0,4890000.0,-1320000.0,0.0,0,0.0,90.0,3491.0,0.0,-910.0,2018-12-31,2018-12-31,2018-12-31
1507,VSR.V,"04/20/2020, 08:24:47",0.99,48460000.0,47980000.0,46260000.0,0.0,0.0,0,0.0,2089.0,235.0,0.0,-504.0,2018-12-31,2018-12-31,2018-12-31
1508,VTI.V,"04/20/2020, 08:25:08",0.035,5810000.0,0.0,0.0,0.0,0.0,0,0.0,1.0,2188.0,130.0,-280.0,2018-12-31,2018-12-31,2018-12-31
1509,VTT.V,"04/20/2020, 08:25:28",0.035,174270000.0,6100000.0,8970000.0,-1350000.0,0.0,0.0,0.0,76.0,3853.0,0.0,-2239.0,2019-05-31,2019-05-31,2019-05-31
1510,VTX.V,"04/20/2020, 08:25:49",0.2,91250000.0,18250000.0,127120000.0,19420000.0,0.0,0.0,0.0,2347.0,119126.0,150385.0,9445.0,2018-12-31,2018-12-31,2018-12-31
1511,VUI.V,"04/20/2020, 08:26:10",0.09,57230000.0,5150000.0,5050000.0,0,0,0,0.0,168.0,44.0,0.0,-579.0,2018-12-31,2018-12-31,2018-12-31
1512,VUL.V,"04/20/2020, 08:26:32",0.04,61350000.0,2450000.0,2730000.0,0.0,0.0,0,0.0,34.0,156.0,0.0,-613.0,2018-12-31,2018-12-31,2018-12-31
1513,VUX.V,"04/20/2020, 08:26:52",0.045,82250000.0,3700000.0,2640000.0,1970000.0,0.0,0,0.0,1034.0,4118.0,4332.0,1079.0,2018-12-31,2018-12-31,2018-12-31
1514,VVC.V,"04/20/2020, 08:27:14",0.025,372950000.0,9320000.0,9230000.0,-1070000.0,0.0,0.0,0.0,116.0,1490.0,0.0,-725.0,2019-01-31,2019-01-31,2019-01-31
1515,VXL.V,"04/20/2020, 08:27:35",0.135,89630000.0,12100000.0,11820000.0,0.0,0.0,0,0.0,753.0,455.0,0.0,-943.0,2018-12-31,2018-12-31,2018-12-31
1516,VZLA.V,"04/20/2020, 08:27:56",0.405,57880000.0,23440000.0,19300000.0,-3540000.0,0.0,0,0.0,150.0,73.0,0.0,-223.0,2019-04-30,2019-04-30,2019-04-30
1517,VZZ.V,"04/20/2020, 08:28:16",0.1,46670000.0,4670000.0,4120000.0,0.0,0.0,0.0,0.0,627.0,30.0,0.0,-418.0,2018-12-31,2018-12-31,2018-12-31
1518,WA.V,"04/20/2020, 08:28:36",0.07,79980000.0,5600000.0,4070000.0000000005,0.0,0.0,0,0.0,1533.0,22.0,0.0,-574.0,2019-12-31,2019-12-31,2019-12-31
1519,WAR.V,"04/20/2020, 08:28:57",0.045,68140000.0,3070000.0,2780000.0,-1810000.0,0.0,0.0,0.0,914.0,549.0,0.0,-804.0,2019-03-31,2019-03-31,2019-03-31
1520,WATR.V,"04/20/2020, 08:29:17",0.02,161630000.0,3230000.0,3150000.0,-1250000.0,0.0,0,0.0,97.0,1393.0,2435.0,-1618.0,2018-12-31,2018-12-31,2018-12-31
1521,WAVE.V,"04/20/2020, 08:29:38",0.065,54000000.0,3510000.0,1760000.0,0,0,0,0.0,2943.0,1264.0,223.0,-1452.0,2018-12-31,2018-12-31,2018-12-31
1522,WBE.V,"04/20/2020, 08:29:58",0.205,33820000.0,6930000.0,12450000.0,1590000.0,0.0,0.0,0.0,474.0,5584.0,11363.0,1524.0,2019-03-31,2019-03-31,2019-03-31
1523,WCC.V,"04/20/2020, 08:30:19",0.025,80980000.0,2020000.0,1970000.0,0,0,0,0.0,58.0,466.0,0.0,-35.0,2019-02-28,2019-02-28,2019-02-28
1524,WCE.V,"04/20/2020, 08:30:39",0.02,31360000.0,0.0,1020000.0,0.0,0.0,0.0,0.0,528.0,3460.0,1871.0,-75.0,2019-03-31,2019-03-31,2019-03-31
1525,WEB-H.V,"04/20/2020, 08:30:59",0.075,8359999.999999999,0.0,0.0,0,0,0,0.0,9.0,648.0,0.0,-50.0,2018-12-31,2018-12-31,2018-12-31
1526,WED.V,"04/20/2020, 08:31:20",1.65,143190000.0,236260000.0,-120350000.0,12260000.0,0.0,0.0,0.0,0.0,56076.0,16873.0,1345.0,2019-12-31,2019-12-31,2019-12-31
1527,WEE.V,"04/20/2020, 08:31:40",0.055,87570000.0,4820000.0,2350000.0,0.0,0.0,0.0,0.0,2598.0,853.0,3630.0,82.0,2019-08-31,2019-08-31,2019-08-31
1528,WEII.V,"04/20/2020, 08:32:01",0.4,106000000.0,0,166980000.0,26700000.0,0.0,0.0,0.0,1054.0,128549.0,58006.0,8905.0,2019-03-31,2019-03-31,2019-03-31
1529,WFG-H.V,"04/20/2020, 08:32:22",0.01,0,0.0,0.0,0,0,0,0,144.0,24.0,0.0,-498.0,2018-12-31,2018-12-31,2018-12-31
1530,WGF.V,"04/20/2020, 08:32:42",0.06,45080000.0,2710000.0,2540000.0,0.0,0.0,0,0.0,222.0,95.0,0.0,-108.0,2018-12-31,2018-12-31,2018-12-31
1531,WGO.V,"04/20/2020, 08:33:04",0.63,124430000.0,78390000.0,73380000.0,-4430000.0,0.0,0,0.0,18666.0,15645.0,0.0,-3927.0,2018-12-31,2018-12-31,2018-12-31
1532,WHM.V,"04/20/2020, 08:33:26",0.03,72940000.0,2190000.0,1750000.0,0,0,0,0.0,82.0,96.0,0.0,-181.0,2019-04-30,2019-04-30,2019-04-30
1533,WHN.V,"04/20/2020, 08:33:46",0.59,95910000.0,57200000.0,52960000.0,-1630000.0,0.0,0.0,0.0,4327.0,981.0,0.0,-941.0,2019-12-31,2019-12-31,2019-12-31
1534,WHY.V,"04/20/2020, 08:34:06",0.085,66890000.0,5690000.0,9570000.0,-1900000.0,0.0,0,0.0,36.0,5568.0,0.0,-2482.0,2018-12-31,2018-12-31,2018-12-31
1535,WI.V,"04/20/2020, 08:34:27",0.22,30580000.0,6730000.0,9420000.0,0,0,0.0,0.0,8.0,1676.0,2174.0,-709.0,2018-12-31,2018-12-31,2018-12-31
1536,WIL.V,"04/20/2020, 08:34:48",0.21,58160000.0,12210000.0,11260000.0,-2009999.9999999998,0.0,0,0.0,130.0,982.0,0.0,-1777.0,2018-12-31,2018-12-31,2018-12-31
1537,WIN.V,"04/20/2020, 08:35:10",0.065,81650000.0,5310000.0,4730000.0,0.0,0.0,0,0.0,175.0,87.0,30.0,-786.0,2019-02-28,2019-02-28,2019-02-28
1538,WINS.V,"04/20/2020, 08:35:30",0.085,32450000.000000004,2760000.0,2280000.0,0.0,0.0,0,0.0,41.0,367.0,0.0,-317.0,2019-03-31,2019-03-31,2019-03-31
1539,WKG.V,"04/20/2020, 08:35:51",0.095,7400000.0,0.0,0.0,0.0,0.0,0.0,0.0,28.0,1293.0,0.0,-49.0,2019-10-31,2019-10-31,2019-10-31
1540,WKM.V,"04/20/2020, 08:36:12",0.07,425350000.0,29770000.0,29400000.0,0.0,0.0,0,0.0,1505.0,248.0,0.0,-504.0,2018-12-31,2018-12-31,2018-12-31
1541,WLF.V,"04/20/2020, 08:36:34",0.11,129530000.0,14250000.0,13260000.0,-3410000.0,0.0,0,0.0,1029.0,283.0,0.0,-2677.0,2019-12-31,2019-12-31,2019-12-31
1542,WMD.V,"04/20/2020, 08:36:54",0.405,209570000.0,84880000.0,77650000.0,-9580000.0,0.0,0.0,0.0,22817.0,10976.0,7955.0,-615.0,2018-12-31,2018-12-31,2018-12-31
1543,WMD-DB.V,"04/20/2020, 08:37:16",57.0,0,0,0.0,0,0,0,0,0.0,0.0,0.0,0.0,Null,ttm,ttm
1544,WMD-WT.V,"04/20/2020, 08:37:36",0.04,0,0,0.0,0,0,0,0,0.0,0.0,0.0,0.0,Null,ttm,ttm
1545,WMG.V,"04/20/2020, 08:37:57",0.165,299880000.0,49480000.0,49040000.0,-6030000.0,0.0,0.0,0.0,44.0,2082.0,0.0,-4228.0,2019-10-31,2019-10-31,2019-10-31
1546,WMK.V,"04/20/2020, 08:38:19",0.01,34030000.0,3610000.0,28110000.0,1930000.0,0.0,0,0.0,52.0,29237.0,3011.0,-13.0,2018-12-31,2018-12-31,2018-12-31
1547,WML.V,"04/20/2020, 08:38:40",0.14,148000000.0,20720000.0,21600000.0,-7990000.0,0.0,0.0,0.0,636.0,243.0,0.0,-6762.0,2018-11-30,2018-11-30,2018-11-30
1548,WMR.V,"04/20/2020, 08:39:01",0.04,9450000.0,0.0,0.0,0.0,0.0,0.0,0.0,9.0,1046.0,0.0,-231.0,2019-05-31,2019-05-31,2019-05-31
1549,WNDR.V,"04/20/2020, 08:39:22",0.1,0,4059999.9999999995,0.0,0,0,0,0,141.0,2795.0,6758.0,-3503.0,2019-06-30,2019-06-30,2019-06-30
1550,WNST-P.V,"04/20/2020, 08:39:42",0.1,7500000.0,0.0,0.0,0,0,0,0.0,89.0,30.0,0.0,0.0,2018-12-31,ttm,ttm
1551,WOLF-P.V,"04/20/2020, 08:40:02",0.04,0,0,0.0,0,0,0,0,310.0,30.0,0.0,0.0,2018-12-31,ttm,ttm
1552,WOW.V,"04/20/2020, 08:40:23",0.34,29440000.0,10010000.0,46360000.0,-5150000.0,0.0,0.0,0.0,3863.0,44917.0,78628.0,1699.0,2018-12-31,2018-12-31,2018-12-31
1553,WR-H.V,"04/20/2020, 08:40:44",0.015,7780000.0,0.0,1800000.0,0,0,0,0.0,0.0,3128.0,0.0,0.0,2018-12-31,2018-12-31,2018-12-31
1554,WRI.V,"04/20/2020, 08:41:04",0.035,41680000.0,1460000.0,1460000.0,0,0,0,0.0,0.0,919.0,0.0,-144.0,2019-02-28,2019-02-28,2019-02-28
1555,WRR.V,"04/20/2020, 08:41:27",0.075,155950000.0,11700000.0,10680000.0,-1230000.0,0.0,0,0.0,592.0,1134.0,0.0,-899.0,2019-11-30,2019-11-30,2019-11-30
1556,WSK-H.V,"04/20/2020, 08:41:47",0.08,14840000.0,1190000.0,0.0,0.0,0.0,0.0,0.0,1916.0,3284.0,0.0,-345.0,2019-11-30,2019-11-30,2019-11-30
1557,WT-H.V,"04/20/2020, 08:42:07",0.04,13390000.0,0.0,0.0,0.0,0.0,0,0.0,112.0,135.0,0.0,-135.0,2018-12-31,2018-12-31,2018-12-31
1558,WTER.V,"04/20/2020, 08:42:27",1.22,48990000.0,56840000.0,54420000.0,-12250000.0,0.0,0.0,0.0,11032.0,7126.0,32200.0,-8129.0,2019-03-31,2019-03-31,2019-03-31
1559,WTR.V,"04/20/2020, 08:42:47",0.01,69000000.0,0.0,1100000.0,0.0,0.0,0,0.0,16.0,4172.0,402.0,-977.0,2018-12-31,2018-12-31,2018-12-31
1560,WWT.V,"04/20/2020, 08:43:07",0.07,89410000.0,6260000.0,6900000.0,0.0,0.0,0.0,0.0,3.0,49.0,0.0,2.0,2017-12-31,2017-12-31,2017-12-31
1561,XAG.V,"04/20/2020, 08:43:27",0.03,139790000.0,4190000.0000000005,6950000.0,0.0,0.0,0,0.0,3.0,2837.0,0.0,-77.0,2018-12-31,2018-12-31,2018-12-31
1562,XBC.V,"04/20/2020, 08:43:48",3.61,84380000.0,304610000.0,294060000.0,4650000.0,0.0,0.0,0.0,22358.0,25561.0,49318.0,-5459.0,2019-12-31,2019-12-31,2019-12-31
1563,XBC-WT.V,"04/20/2020, 08:44:08",1.77,0,0,0.0,0,0,0,0,0.0,0.0,0.0,0.0,Null,ttm,ttm
1564,XBT-P.V,"04/20/2020, 08:44:27",0.04,5500000.0,0.0,0.0,0,0,0,0.0,277.0,6.0,0.0,-43.0,2019-03-31,2019-03-31,2019-03-31
1565,XIA.V,"04/20/2020, 08:44:47",0.095,57510000.0,5460000.0,11900000.0,-4120000.0,0.0,0,0.0,708.0,36.0,0.0,-582.0,2018-01-31,2018-01-31,2018-01-31
1566,XIM.V,"04/20/2020, 08:45:09",0.35,51490000.0,18020000.0,17490000.0,-9080000.0,0.0,0,0.0,406.0,2333.0,0.0,-2202.0,2019-06-30,2019-06-30,2019-06-30
1567,XL.V,"04/20/2020, 08:45:29",0.16,7250000.0,1160000.0,28780000.0,2069999.9999999998,0.0,0,0.0,564.0,29958.0,7663.0,4100.0,2018-12-31,2018-12-31,2018-12-31
1568,XLY.V,"04/20/2020, 08:45:49",0.375,638250000.0,239340000.0,242800000.0,-49150000.0,0.0,0.0,0.0,215056.0,139666.0,747.0,-43714.0,2018-12-31,2018-12-31,2018-12-31
1569,XLY-WT.V,"04/20/2020, 08:46:10",0,0,0,0,0,0,0,0,0.0,0.0,0.0,0.0,Null,Null,Null
1570,XRAY.V,"04/20/2020, 08:46:32",0.28,38790000.0,10860000.0,16739999.999999998,0.0,0.0,0.0,0.0,2828.0,11356.0,14216.0,-1799.0,2018-12-31,2018-12-31,2018-12-31
1571,XTM.V,"04/20/2020, 08:46:52",0.205,46540000.0,9540000.0,8750000.0,0.0,0.0,0,0.0,1085.0,227.0,64.0,-731.0,2019-08-31,2019-08-31,2019-08-31
1572,XTT.V,"04/20/2020, 08:47:12",0.075,61800000.0,4630000.0,3190000.0,0.0,0.0,0,0.0,270.0,204.0,0.0,-483.0,2018-12-31,2018-12-31,2018-12-31
1573,XX.V,"04/20/2020, 08:47:33",0.83,21190000.0,17590000.0,32159999.999999996,0.0,0.0,0.0,0.0,2176.0,16148.0,32081.0,-2999.0,2019-03-31,2019-03-31,2019-03-31
1574,XYZ-P.V,"04/20/2020, 08:47:55",0.1,12500000.0,1250000.0,0.0,0,0,0,0.0,459.0,9.0,0.0,0.0,2018-12-31,ttm,ttm
1575,YAK.V,"04/20/2020, 08:48:15",0.19,32570000.0,6190000.0,5420000.0,0.0,0.0,0,0.0,4427.0,1407.0,1141.0,-502.0,2019-12-31,2019-12-31,2019-12-31
1576,YDX.V,"04/20/2020, 08:48:35",0.09,13750000.0,1240000.0,1580000.0,-1970000.0,0.0,0,0.0,623.0,1963.0,2272.0,-2386.0,2018-12-31,2018-12-31,2018-12-31
1577,YES.V,"04/20/2020, 08:48:57",0.1,45140000.0,4510000.0,4350000.0,-1190000.0,0.0,0.0,0.0,225.0,2361.0,1623.0,-1025.0,2019-09-30,2019-09-30,2019-09-30
1578,YFI.V,"04/20/2020, 08:49:18",0.05,169740000.0,8490000.0,8530000.0,-2180000.0,0.0,0,0.0,62.0,2126.0,420.0,-1846.0,2019-04-30,2019-04-30,2019-04-30
1579,YGT.V,"04/20/2020, 08:49:38",0.265,160590000.0,42530000.0,41190000.0,-1150000.0,0.0,0.0,0.0,954.0,444.0,0.0,-1491.0,2019-01-31,2019-01-31,2019-01-31
1580,YNV.V,"04/20/2020, 08:49:59",0.195,73290000.0,14290000.0,12550000.0,-3820000.0,0.0,0.0,0.0,957.0,1877.0,0.0,-3645.0,2018-12-31,2018-12-31,2018-12-31
1581,YOO.V,"04/20/2020, 08:50:19",0.11,60470000.0,6650000.0,6290000.0,0.0,0.0,0.0,0.0,1570.0,1754.0,7432.0,376.0,2019-12-31,2019-12-31,2019-12-31
1582,YSS.V,"04/20/2020, 08:50:39",0.145,132300000.00000001,19180000.0,20290000.0,-16070000.0,0.0,0.0,0.0,11.0,177.0,0.0,-124.0,2018-01-31,2018-01-31,2018-01-31
1583,YTY.V,"04/20/2020, 08:51:02",0.065,152080000.0,9890000.0,12020000.0,0.0,0.0,0.0,0.0,2189.0,5574.0,10369.0,906.0,2019-12-31,2019-12-31,2019-12-31
1584,Z.V,"04/20/2020, 08:51:23",0.01,193960000.0,1940000.0,2490000.0,-2089999.9999999998,0.0,0.0,0.0,152.0,2956.0,0.0,-147.0,2019-02-28,2019-02-28,2019-02-28
1585,ZAD.V,"04/20/2020, 08:51:43",0.17,20180000.0,3430000.0,3170000.0,0.0,0.0,0.0,0.0,311.0,129.0,0.0,-290.0,2019-07-31,2019-07-31,2019-07-31
1586,ZC.V,"04/20/2020, 08:52:05",0.08,16110000.0,1290000.0,-2760000.0,-1000000.0,0.0,0.0,0.0,2968.0,375.0,1487.0,-1070.0,2019-11-30,2019-11-30,2019-11-30
1587,ZCC-H.V,"04/20/2020, 08:52:25",0.04,24290000.0,0.0,0.0,0.0,0.0,0.0,0.0,1663.0,344.0,0.0,-53.0,2019-12-31,2019-12-31,2019-12-31
1588,ZDC.V,"04/20/2020, 08:52:46",0.08,54240000.0,4340000.0,40180000.0,0.0,0.0,0.0,0.0,170.0,34030.0,16962.0,4200.0,2019-12-31,2019-12-31,2019-12-31
1589,ZEE.V,"04/20/2020, 08:53:07",0.015,561680000.0,8430000.0,13120000.0,-3840000.0,0.0,0.0,0.0,3058.0,519607.0,6567.0,-6754.0,2019-03-31,2019-03-31,2019-03-31
1590,ZEN.V,"04/20/2020, 08:53:26",0.29,80410000.0,23320000.0,21860000.0,-1750000.0,0.0,0,0.0,1221.0,646.0,0.0,-1184.0,2019-03-31,2019-03-31,2019-03-31
1591,ZENI-P.V,"04/20/2020, 08:53:47",0.13,0,0,0.0,0,0,0,0.0,208.0,7691.0,0.0,-5508.0,2019-04-30,2019-04-30,2019-04-30
1592,ZFR.V,"04/20/2020, 08:54:08",0.21,62850000.0,13200000.0,10850000.0,0,0,0,0.0,101.0,123.0,0.0,-424.0,2018-12-31,2018-12-31,2018-12-31
1593,ZMA.V,"04/20/2020, 08:54:29",0.045,64940000.0,2920000.0,4530000.0,0.0,0.0,0,0.0,44.0,2387.0,151.0,-118.0,2018-12-31,2018-12-31,2018-12-31
1594,ZNG.V,"04/20/2020, 08:54:49",0.035,72560000.0,2540000.0,5270000.0,-3410000.0,0.0,0,0.0,1937.0,557.0,0.0,-3533.0,2018-12-31,2018-12-31,2018-12-31
1595,ZNX.V,"04/20/2020, 08:55:09",0.12,170340000.0,20440000.0,18750000.0,-1050000.0,0.0,0.0,0.0,3369.0,2333.0,0.0,-1722.0,2019-06-30,2019-06-30,2019-06-30
1596,ZOMD.V,"04/20/2020, 08:55:32",0.245,93230000.0,22840000.0,18310000.0,-2280000.0,0.0,0.0,0.0,37.0,10.0,0.0,-48.0,2018-10-31,2018-10-31,2018-10-31
1597,ZON.V,"04/20/2020, 08:55:56",0.205,57210000.0,11730000.0,10820000.0,0.0,0.0,0.0,0.0,1729.0,1328.0,0.0,-294.0,2019-01-31,2019-01-31,2019-01-31
1598,ZONE.V,"04/20/2020, 08:56:19",0.02,64780000.0,1300000.0,1670000.0,-2880000.0,0.0,0,0.0,932.0,678.0,40.0,-2309.0,2018-12-31,2018-12-31,2018-12-31
1599,ZTR-H.V,"04/20/2020, 08:56:42",0.01,43770000.0,0.0,0.0,6830000.0,0.0,0,0.0,24.0,2472.0,0.0,-90.0,2018-12-31,2018-12-31,2018-12-31
1600,ZUM.V,"04/20/2020, 08:57:02",0.04,264329999.99999997,26090000.0,33409999.999999996,5280000.0,0.0,0.0,0.0,14118.0,11712.0,52691.0,5139.0,2019-08-31,2019-08-31,2019-08-31
